timestamp,buyer,seller,symbol,currency,price,quantity
0,Remy,Vinnie,ROSES,SEASHELLS,15001.0,3
0,Remy,Vinnie,CHOCOLATE,SEASHELLS,8001.0,8
200,Vinnie,Rhianna,ROSES,SEASHELLS,15000.0,3
500,Vinnie,Remy,STRAWBERRIES,SEASHELLS,3999.0,10
1000,Ruby,Vinnie,GIFT_BASKET,SEASHELLS,71360.0,2
1200,Remy,Vinnie,ROSES,SEASHELLS,14997.0,1
1300,Vinnie,Vladimir,CHOCOLATE,SEASHELLS,8000.0,7
1400,Vinnie,Remy,ROSES,SEASHELLS,14994.0,3
2600,Remy,Vinnie,ROSES,SEASHELLS,14974.0,5
2800,Remy,Vinnie,STRAWBERRIES,SEASHELLS,4001.0,10
3100,Remy,Vinnie,ROSES,SEASHELLS,14961.0,5
3200,Remy,Vinnie,STRAWBERRIES,SEASHELLS,4002.0,5
3300,Remy,Vinnie,STRAWBERRIES,SEASHELLS,4001.0,8
3500,Rhianna,Vinnie,GIFT_BASKET,SEASHELLS,71340.0,2
3500,Remy,Vinnie,CHOCOLATE,SEASHELLS,8005.0,8
3500,Vinnie,Vladimir,STRAWBERRIES,SEASHELLS,4000.0,7
3700,Remy,Vinnie,ROSES,SEASHELLS,14955.0,4
3800,Rhianna,Vinnie,GIFT_BASKET,SEASHELLS,71339.0,1
4400,Vinnie,Remy,STRAWBERRIES,SEASHELLS,3999.0,9
4600,Vinnie,Remy,STRAWBERRIES,SEASHELLS,4000.0,7
5600,Vinnie,Vladimir,STRAWBERRIES,SEASHELLS,3998.0,8
5800,Vinnie,Remy,CHOCOLATE,SEASHELLS,7995.0,6
5800,Vinnie,Vladimir,CHOCOLATE,SEASHELLS,7995.0,10
5800,Remy,Vinnie,STRAWBERRIES,SEASHELLS,4000.0,4
6200,Vinnie,Remy,ROSES,SEASHELLS,14962.0,3
6800,Vinnie,Remy,STRAWBERRIES,SEASHELLS,3999.0,7
7200,Vinnie,Remy,STRAWBERRIES,SEASHELLS,3999.0,4
7400,Vinnie,Vladimir,CHOCOLATE,SEASHELLS,7999.0,7
7700,Remy,Vinnie,ROSES,SEASHELLS,14957.0,1
7800,Vinnie,Remy,ROSES,SEASHELLS,14955.0,1
8000,Remy,Vinnie,CHOCOLATE,SEASHELLS,8003.0,5
8600,Remy,Vinnie,STRAWBERRIES,SEASHELLS,4003.0,4
9000,Vinnie,Remy,ROSES,SEASHELLS,14957.0,5
9300,Remy,Vinnie,ROSES,SEASHELLS,14959.0,4
9400,Vinnie,Remy,ROSES,SEASHELLS,14961.0,2
9500,Vinnie,Ruby,GIFT_BASKET,SEASHELLS,71386.0,1
9700,Remy,Vinnie,ROSES,SEASHELLS,14960.0,5
9700,Remy,Vinnie,STRAWBERRIES,SEASHELLS,4004.0,5
10000,Vinnie,Vladimir,CHOCOLATE,SEASHELLS,8002.0,9
10800,Remy,Vinnie,CHOCOLATE,SEASHELLS,8000.0,5
11600,Remy,Vinnie,STRAWBERRIES,SEASHELLS,4001.0,9
11700,Remy,Vinnie,ROSES,SEASHELLS,14949.0,2
12200,Vinnie,Vladimir,STRAWBERRIES,SEASHELLS,4001.0,5
12400,Vinnie,Vladimir,STRAWBERRIES,SEASHELLS,4001.0,9
12600,Vinnie,Remy,CHOCOLATE,SEASHELLS,8005.0,5
12700,Vinnie,Remy,CHOCOLATE,SEASHELLS,8004.0,6
12700,Vinnie,Vladimir,ROSES,SEASHELLS,14933.0,4
13000,Ruby,Vladimir,GIFT_BASKET,SEASHELLS,71400.0,9
13100,Vinnie,Vladimir,CHOCOLATE,SEASHELLS,8007.0,10
13600,Vinnie,Vladimir,CHOCOLATE,SEASHELLS,8007.0,10
13700,Vinnie,Vladimir,CHOCOLATE,SEASHELLS,8006.0,7
13800,Vinnie,Remy,CHOCOLATE,SEASHELLS,8006.0,7
13900,Vinnie,Remy,ROSES,SEASHELLS,14934.0,4
13900,Vladimir,Ruby,GIFT_BASKET,SEASHELLS,71382.0,9
14200,Remy,Vinnie,STRAWBERRIES,SEASHELLS,3999.0,9
14300,Rhianna,Vladimir,GIFT_BASKET,SEASHELLS,71405.0,5
14400,Remy,Vinnie,STRAWBERRIES,SEASHELLS,4000.0,7
14400,Vinnie,Remy,ROSES,SEASHELLS,14930.0,3
14600,Remy,Vinnie,ROSES,SEASHELLS,14926.0,1
15000,Remy,Vinnie,STRAWBERRIES,SEASHELLS,3999.0,6
15000,Vinnie,Vladimir,STRAWBERRIES,SEASHELLS,3997.0,5
15500,Vinnie,Remy,CHOCOLATE,SEASHELLS,8012.0,8
15600,Vinnie,Vladimir,ROSES,SEASHELLS,14925.0,6
15700,Vinnie,Remy,STRAWBERRIES,SEASHELLS,3996.0,7
15700,Remy,Vinnie,CHOCOLATE,SEASHELLS,8014.0,7
15800,Vinnie,Vladimir,STRAWBERRIES,SEASHELLS,3997.0,5
15900,Vinnie,Vladimir,ROSES,SEASHELLS,14923.0,7
16400,Vinnie,Remy,STRAWBERRIES,SEASHELLS,3997.0,9
16700,Vinnie,Vladimir,CHOCOLATE,SEASHELLS,8010.0,7
16900,Ruby,Vinnie,GIFT_BASKET,SEASHELLS,71391.0,1
17100,Vinnie,Remy,CHOCOLATE,SEASHELLS,8010.0,6
17300,Rhianna,Vladimir,GIFT_BASKET,SEASHELLS,71364.0,3
17400,Remy,Vinnie,ROSES,SEASHELLS,14912.0,3
17500,Vinnie,Vladimir,STRAWBERRIES,SEASHELLS,3998.0,6
17600,Vladimir,Ruby,GIFT_BASKET,SEASHELLS,71338.0,6
18000,Vinnie,Remy,ROSES,SEASHELLS,14907.0,3
18300,Vinnie,Remy,CHOCOLATE,SEASHELLS,8007.0,5
18400,Vinnie,Remy,ROSES,SEASHELLS,14906.0,1
18800,Remy,Vinnie,STRAWBERRIES,SEASHELLS,3999.0,6
19700,Vinnie,Remy,CHOCOLATE,SEASHELLS,8017.0,5
19800,Vinnie,Remy,STRAWBERRIES,SEASHELLS,3999.0,9
20000,Vinnie,Remy,CHOCOLATE,SEASHELLS,8016.0,6
20000,Vinnie,Remy,STRAWBERRIES,SEASHELLS,3999.0,9
20200,Vinnie,Remy,STRAWBERRIES,SEASHELLS,3999.0,9
20500,Vinnie,Remy,ROSES,SEASHELLS,14931.0,3
20800,Vinnie,Vladimir,CHOCOLATE,SEASHELLS,8019.0,9
21000,Ruby,Vladimir,GIFT_BASKET,SEASHELLS,71400.0,10
21100,Remy,Vinnie,ROSES,SEASHELLS,14927.0,2
21500,Vinnie,Remy,CHOCOLATE,SEASHELLS,8019.0,7
21600,Vinnie,Vladimir,ROSES,SEASHELLS,14919.0,4
21800,Vladimir,Rhianna,GIFT_BASKET,SEASHELLS,71403.0,4
21800,Vladimir,Ruby,GIFT_BASKET,SEASHELLS,71403.0,5
21800,Vinnie,Rhianna,GIFT_BASKET,SEASHELLS,71404.0,1
22500,Vinnie,Remy,ROSES,SEASHELLS,14905.0,3
22500,Vladimir,Ruby,GIFT_BASKET,SEASHELLS,71364.0,9
23400,Vladimir,Ruby,GIFT_BASKET,SEASHELLS,71386.0,6
23600,Vinnie,Remy,ROSES,SEASHELLS,14898.0,4
23800,Remy,Vinnie,ROSES,SEASHELLS,14901.0,3
24100,Remy,Vinnie,ROSES,SEASHELLS,14896.0,2
24100,Remy,Vinnie,CHOCOLATE,SEASHELLS,8031.0,7
25300,Remy,Vinnie,CHOCOLATE,SEASHELLS,8032.0,8
25400,Remy,Vinnie,STRAWBERRIES,SEASHELLS,4001.0,7
25600,Remy,Vinnie,STRAWBERRIES,SEASHELLS,4001.0,9
25700,Rhianna,Vinnie,GIFT_BASKET,SEASHELLS,71425.0,1
25700,Remy,Vinnie,STRAWBERRIES,SEASHELLS,4002.0,5
26000,Vinnie,Remy,CHOCOLATE,SEASHELLS,8031.0,6
26400,Vinnie,Remy,STRAWBERRIES,SEASHELLS,4000.0,8
27100,Vinnie,Remy,STRAWBERRIES,SEASHELLS,4001.0,8
27400,Vinnie,Vladimir,CHOCOLATE,SEASHELLS,8030.0,7
27700,Vinnie,Rhianna,GIFT_BASKET,SEASHELLS,71402.0,2
27700,Vladimir,Rhianna,GIFT_BASKET,SEASHELLS,71402.0,4
28000,Remy,Vinnie,CHOCOLATE,SEASHELLS,8031.0,8
28500,Remy,Vinnie,CHOCOLATE,SEASHELLS,8031.0,8
28600,Remy,Vinnie,ROSES,SEASHELLS,14878.0,2
29100,Remy,Vinnie,STRAWBERRIES,SEASHELLS,4000.0,9
29300,Remy,Vinnie,CHOCOLATE,SEASHELLS,8037.0,8
29600,Vinnie,Vladimir,STRAWBERRIES,SEASHELLS,3998.0,7
29700,Remy,Vinnie,STRAWBERRIES,SEASHELLS,4000.0,7
29800,Vinnie,Remy,STRAWBERRIES,SEASHELLS,3998.0,10
29900,Ruby,Vinnie,GIFT_BASKET,SEASHELLS,71402.0,1
30000,Remy,Vinnie,STRAWBERRIES,SEASHELLS,3999.0,6
30100,Ruby,Vladimir,GIFT_BASKET,SEASHELLS,71402.0,6
30200,Remy,Vinnie,ROSES,SEASHELLS,14891.0,2
30200,Remy,Vinnie,STRAWBERRIES,SEASHELLS,3999.0,6
30400,Vinnie,Remy,STRAWBERRIES,SEASHELLS,3997.0,5
30400,Vinnie,Remy,CHOCOLATE,SEASHELLS,8036.0,6
30500,Vinnie,Remy,STRAWBERRIES,SEASHELLS,3997.0,4
31100,Vinnie,Ruby,GIFT_BASKET,SEASHELLS,71426.0,1
31600,Remy,Vinnie,CHOCOLATE,SEASHELLS,8040.0,7
31800,Rhianna,Vladimir,GIFT_BASKET,SEASHELLS,71422.0,4
31800,Remy,Vinnie,ROSES,SEASHELLS,14885.0,4
32200,Vinnie,Vladimir,CHOCOLATE,SEASHELLS,8042.0,8
32500,Remy,Vinnie,ROSES,SEASHELLS,14886.0,5
33400,Vinnie,Remy,CHOCOLATE,SEASHELLS,8034.0,8
33700,Vinnie,Remy,ROSES,SEASHELLS,14883.0,3
33700,Remy,Vinnie,STRAWBERRIES,SEASHELLS,3998.0,6
33800,Vinnie,Remy,STRAWBERRIES,SEASHELLS,3997.0,6
33900,Vinnie,Vladimir,STRAWBERRIES,SEASHELLS,3996.0,5
34000,Vinnie,Remy,ROSES,SEASHELLS,14888.0,1
34500,Vinnie,Remy,STRAWBERRIES,SEASHELLS,3996.0,9
34700,Vinnie,Remy,ROSES,SEASHELLS,14889.0,3
34700,Vladimir,Ruby,GIFT_BASKET,SEASHELLS,71398.0,7
35100,Vinnie,Vladimir,ROSES,SEASHELLS,14891.0,3
35200,Remy,Vinnie,STRAWBERRIES,SEASHELLS,3997.0,6
35400,Vinnie,Remy,ROSES,SEASHELLS,14890.0,2
35400,Remy,Vinnie,STRAWBERRIES,SEASHELLS,3998.0,4
35500,Vinnie,Remy,STRAWBERRIES,SEASHELLS,3996.0,6
35600,Vinnie,Vladimir,STRAWBERRIES,SEASHELLS,3996.0,11
36000,Remy,Vinnie,STRAWBERRIES,SEASHELLS,3997.0,7
36100,Remy,Vinnie,CHOCOLATE,SEASHELLS,8038.0,5
36700,Vinnie,Vladimir,CHOCOLATE,SEASHELLS,8037.0,8
36900,Ruby,Vinnie,GIFT_BASKET,SEASHELLS,71390.0,2
36900,Vinnie,Vladimir,CHOCOLATE,SEASHELLS,8036.0,9
36900,Remy,Vinnie,STRAWBERRIES,SEASHELLS,3996.0,8
37000,Remy,Vinnie,STRAWBERRIES,SEASHELLS,3996.0,6
38300,Remy,Vinnie,CHOCOLATE,SEASHELLS,8042.0,8
38500,Remy,Vinnie,STRAWBERRIES,SEASHELLS,3997.0,4
39600,Vladimir,Rhianna,GIFT_BASKET,SEASHELLS,71411.0,4
39900,Vinnie,Vladimir,ROSES,SEASHELLS,14878.0,6
39900,Remy,Vinnie,CHOCOLATE,SEASHELLS,8036.0,5
40000,Rhianna,Vladimir,GIFT_BASKET,SEASHELLS,71410.0,2
40100,Ruby,Vladimir,GIFT_BASKET,SEASHELLS,71432.0,8
40200,Vinnie,Vladimir,STRAWBERRIES,SEASHELLS,3999.0,11
40400,Remy,Vinnie,STRAWBERRIES,SEASHELLS,4000.0,4
40500,Remy,Vinnie,ROSES,SEASHELLS,14881.0,5
40600,Remy,Vinnie,ROSES,SEASHELLS,14877.0,4
40700,Vinnie,Ruby,GIFT_BASKET,SEASHELLS,71420.0,2
40700,Remy,Vladimir,ROSES,SEASHELLS,14874.0,4
40900,Remy,Vinnie,CHOCOLATE,SEASHELLS,8035.0,5
41000,Remy,Vinnie,STRAWBERRIES,SEASHELLS,3999.0,5
41200,Vinnie,Vladimir,ROSES,SEASHELLS,14877.0,9
41500,Vladimir,Ruby,GIFT_BASKET,SEASHELLS,71429.0,6
41600,Remy,Vinnie,STRAWBERRIES,SEASHELLS,3998.0,8
41700,Vinnie,Vladimir,STRAWBERRIES,SEASHELLS,3997.0,4
41800,Vinnie,Vladimir,STRAWBERRIES,SEASHELLS,3997.0,7
42200,Vinnie,Remy,ROSES,SEASHELLS,14881.0,5
44200,Vinnie,Remy,STRAWBERRIES,SEASHELLS,3994.0,9
44300,Remy,Vinnie,ROSES,SEASHELLS,14863.0,3
44400,Remy,Vinnie,CHOCOLATE,SEASHELLS,8039.0,7
44600,Vinnie,Remy,CHOCOLATE,SEASHELLS,8038.0,6
44900,Remy,Vinnie,CHOCOLATE,SEASHELLS,8039.0,7
45000,Vladimir,Rhianna,GIFT_BASKET,SEASHELLS,71422.0,1
45000,Vinnie,Rhianna,GIFT_BASKET,SEASHELLS,71423.0,1
46100,Vinnie,Remy,CHOCOLATE,SEASHELLS,8051.0,8
46200,Rhianna,Vladimir,GIFT_BASKET,SEASHELLS,71489.0,5
46200,Vinnie,Remy,STRAWBERRIES,SEASHELLS,3994.0,4
46200,Vinnie,Remy,ROSES,SEASHELLS,14854.0,5
46500,Remy,Vinnie,CHOCOLATE,SEASHELLS,8051.0,6
47000,Vinnie,Vladimir,ROSES,SEASHELLS,14840.0,9
47300,Vinnie,Vladimir,CHOCOLATE,SEASHELLS,8046.0,10
47400,Vinnie,Remy,ROSES,SEASHELLS,14835.0,2
47900,Vinnie,Vladimir,CHOCOLATE,SEASHELLS,8048.0,7
48100,Vinnie,Remy,CHOCOLATE,SEASHELLS,8046.0,6
48400,Vladimir,Ruby,GIFT_BASKET,SEASHELLS,71438.0,10
48500,Vinnie,Remy,STRAWBERRIES,SEASHELLS,3994.0,9
48700,Remy,Vinnie,STRAWBERRIES,SEASHELLS,3995.0,6
48900,Vinnie,Remy,CHOCOLATE,SEASHELLS,8046.0,8
49000,Vinnie,Remy,ROSES,SEASHELLS,14824.0,5
49100,Vinnie,Remy,ROSES,SEASHELLS,14826.0,4
49500,Vinnie,Remy,STRAWBERRIES,SEASHELLS,3992.0,8
49800,Remy,Vinnie,STRAWBERRIES,SEASHELLS,3994.0,4
49900,Vinnie,Remy,CHOCOLATE,SEASHELLS,8046.0,7
50000,Vinnie,Vladimir,CHOCOLATE,SEASHELLS,8046.0,4
50200,Vinnie,Vladimir,STRAWBERRIES,SEASHELLS,3992.0,10
50300,Vinnie,Vladimir,ROSES,SEASHELLS,14805.0,7
51800,Vinnie,Remy,CHOCOLATE,SEASHELLS,8044.0,7
52300,Vinnie,Remy,STRAWBERRIES,SEASHELLS,3990.0,6
52900,Vinnie,Remy,CHOCOLATE,SEASHELLS,8037.0,7
53300,Remy,Vinnie,ROSES,SEASHELLS,14793.0,1
53400,Vinnie,Vladimir,STRAWBERRIES,SEASHELLS,3989.0,11
54200,Vinnie,Remy,ROSES,SEASHELLS,14777.0,4
54200,Vinnie,Rhianna,GIFT_BASKET,SEASHELLS,71248.0,1
54200,Vladimir,Rhianna,GIFT_BASKET,SEASHELLS,71247.0,5
54800,Vinnie,Remy,ROSES,SEASHELLS,14769.0,2
55000,Remy,Vinnie,STRAWBERRIES,SEASHELLS,3989.0,5
55200,Remy,Vinnie,CHOCOLATE,SEASHELLS,8032.0,8
55700,Remy,Vinnie,ROSES,SEASHELLS,14765.0,3
56000,Vinnie,Remy,CHOCOLATE,SEASHELLS,8029.0,8
56400,Vladimir,Rhianna,GIFT_BASKET,SEASHELLS,71201.0,8
57300,Vinnie,Remy,STRAWBERRIES,SEASHELLS,3987.0,8
57400,Vinnie,Vladimir,STRAWBERRIES,SEASHELLS,3987.0,8
57500,Vinnie,Rhianna,GIFT_BASKET,SEASHELLS,71205.0,4
57500,Vinnie,Rhianna,GIFT_BASKET,SEASHELLS,71200.0,1
57500,Vladimir,Rhianna,GIFT_BASKET,SEASHELLS,71199.0,2
57600,Vladimir,Rhianna,GIFT_BASKET,SEASHELLS,71201.0,6
57800,Vinnie,Remy,ROSES,SEASHELLS,14753.0,1
57900,Remy,Vinnie,CHOCOLATE,SEASHELLS,8033.0,7
57900,Vinnie,Remy,ROSES,SEASHELLS,14756.0,5
58000,Vinnie,Remy,ROSES,SEASHELLS,14755.0,5
58100,Vladimir,Rhianna,GIFT_BASKET,SEASHELLS,71195.0,6
58100,Vinnie,Rhianna,GIFT_BASKET,SEASHELLS,71196.0,1
58200,Remy,Vinnie,ROSES,SEASHELLS,14762.0,5
58500,Remy,Vinnie,CHOCOLATE,SEASHELLS,8034.0,6
58600,Remy,Vinnie,STRAWBERRIES,SEASHELLS,3989.0,9
58800,Remy,Vinnie,STRAWBERRIES,SEASHELLS,3990.0,4
58900,Ruby,Vladimir,GIFT_BASKET,SEASHELLS,71207.0,5
58900,Vinnie,Vladimir,STRAWBERRIES,SEASHELLS,3989.0,9
59100,Vinnie,Remy,CHOCOLATE,SEASHELLS,8032.0,5
59300,Remy,Vinnie,ROSES,SEASHELLS,14763.0,3
59600,Vinnie,Remy,STRAWBERRIES,SEASHELLS,3990.0,10
59800,Remy,Vinnie,STRAWBERRIES,SEASHELLS,3991.0,10
60700,Vinnie,Remy,STRAWBERRIES,SEASHELLS,3991.0,4
61400,Ruby,Vinnie,GIFT_BASKET,SEASHELLS,71240.0,2
61500,Vinnie,Remy,CHOCOLATE,SEASHELLS,8038.0,8
61600,Remy,Vinnie,STRAWBERRIES,SEASHELLS,3991.0,6
62100,Vinnie,Vladimir,STRAWBERRIES,SEASHELLS,3991.0,10
62400,Ruby,Vladimir,GIFT_BASKET,SEASHELLS,71284.0,9
62600,Vinnie,Vladimir,CHOCOLATE,SEASHELLS,8037.0,9
62600,Vinnie,Remy,ROSES,SEASHELLS,14757.0,5
62800,Vinnie,Remy,ROSES,SEASHELLS,14765.0,4
62800,Vinnie,Vladimir,STRAWBERRIES,SEASHELLS,3991.0,4
63500,Vinnie,Remy,STRAWBERRIES,SEASHELLS,3989.0,4
63800,Vinnie,Rhianna,GIFT_BASKET,SEASHELLS,71298.0,2
64100,Remy,Vinnie,CHOCOLATE,SEASHELLS,8041.0,8
64500,Vinnie,Remy,ROSES,SEASHELLS,14765.0,2
64600,Vinnie,Remy,STRAWBERRIES,SEASHELLS,3987.0,10
65200,Vinnie,Remy,CHOCOLATE,SEASHELLS,8035.0,7
65400,Vinnie,Remy,ROSES,SEASHELLS,14767.0,5
65500,Remy,Vinnie,CHOCOLATE,SEASHELLS,8033.0,5
65900,Vinnie,Vladimir,CHOCOLATE,SEASHELLS,8032.0,4
66100,Vinnie,Remy,STRAWBERRIES,SEASHELLS,3986.0,7
66500,Vinnie,Rhianna,GIFT_BASKET,SEASHELLS,71293.0,2
66500,Remy,Vinnie,CHOCOLATE,SEASHELLS,8033.0,7
66500,Vladimir,Rhianna,GIFT_BASKET,SEASHELLS,71292.0,6
66600,Vinnie,Vladimir,STRAWBERRIES,SEASHELLS,3987.0,9
66700,Ruby,Vladimir,GIFT_BASKET,SEASHELLS,71295.0,5
67100,Vinnie,Remy,CHOCOLATE,SEASHELLS,8029.0,8
67100,Vinnie,Rhianna,GIFT_BASKET,SEASHELLS,71282.0,1
67100,Remy,Vinnie,STRAWBERRIES,SEASHELLS,3988.0,7
68100,Remy,Vinnie,CHOCOLATE,SEASHELLS,8026.0,8
68200,Vinnie,Rhianna,GIFT_BASKET,SEASHELLS,71256.0,2
68200,Vladimir,Rhianna,GIFT_BASKET,SEASHELLS,71255.0,4
68500,Vinnie,Vladimir,STRAWBERRIES,SEASHELLS,3987.0,6
68600,Remy,Vinnie,ROSES,SEASHELLS,14768.0,2
68700,Vinnie,Vladimir,CHOCOLATE,SEASHELLS,8029.0,4
69000,Vinnie,Remy,STRAWBERRIES,SEASHELLS,3986.0,4
69200,Remy,Vinnie,ROSES,SEASHELLS,14770.0,4
69600,Vinnie,Rhianna,GIFT_BASKET,SEASHELLS,71295.0,1
69600,Vladimir,Rhianna,GIFT_BASKET,SEASHELLS,71294.0,4
69600,Vinnie,Remy,ROSES,SEASHELLS,14767.0,2
69700,Vinnie,Vladimir,STRAWBERRIES,SEASHELLS,3987.0,11
70000,Vinnie,Remy,STRAWBERRIES,SEASHELLS,3987.0,8
70200,Vinnie,Remy,CHOCOLATE,SEASHELLS,8034.0,6
70600,Remy,Vinnie,ROSES,SEASHELLS,14782.0,2
71000,Vinnie,Vladimir,STRAWBERRIES,SEASHELLS,3988.0,8
71200,Vinnie,Remy,STRAWBERRIES,SEASHELLS,3987.0,8
71400,Remy,Vinnie,CHOCOLATE,SEASHELLS,8031.0,7
71500,Vinnie,Vladimir,CHOCOLATE,SEASHELLS,8029.0,7
71700,Vinnie,Remy,CHOCOLATE,SEASHELLS,8027.0,7
72200,Remy,Vinnie,STRAWBERRIES,SEASHELLS,3990.0,10
72400,Ruby,Vladimir,GIFT_BASKET,SEASHELLS,71265.0,9
72700,Vinnie,Remy,STRAWBERRIES,SEASHELLS,3987.0,5
72800,Vladimir,Rhianna,GIFT_BASKET,SEASHELLS,71240.0,2
72900,Remy,Vinnie,ROSES,SEASHELLS,14785.0,3
73200,Remy,Vinnie,ROSES,SEASHELLS,14778.0,1
73600,Vinnie,Remy,ROSES,SEASHELLS,14768.0,3
74800,Rhianna,Vinnie,GIFT_BASKET,SEASHELLS,71271.0,2
74800,Rhianna,Vladimir,GIFT_BASKET,SEASHELLS,71271.0,4
75000,Remy,Vinnie,ROSES,SEASHELLS,14779.0,4
75100,Vinnie,Remy,ROSES,SEASHELLS,14777.0,2
75200,Remy,Vinnie,CHOCOLATE,SEASHELLS,8034.0,7
75400,Remy,Vinnie,CHOCOLATE,SEASHELLS,8033.0,8
76000,Vinnie,Vladimir,STRAWBERRIES,SEASHELLS,3986.0,10
76700,Vinnie,Remy,ROSES,SEASHELLS,14779.0,3
76800,Vinnie,Remy,ROSES,SEASHELLS,14780.0,4
77000,Vinnie,Remy,STRAWBERRIES,SEASHELLS,3986.0,8
77100,Remy,Vinnie,CHOCOLATE,SEASHELLS,8032.0,6
77500,Vladimir,Rhianna,GIFT_BASKET,SEASHELLS,71212.0,4
77500,Vinnie,Rhianna,GIFT_BASKET,SEASHELLS,71213.0,2
77500,Remy,Vinnie,CHOCOLATE,SEASHELLS,8031.0,8
77700,Vinnie,Remy,ROSES,SEASHELLS,14778.0,1
78000,Remy,Vinnie,CHOCOLATE,SEASHELLS,8030.0,8
78100,Vinnie,Remy,STRAWBERRIES,SEASHELLS,3985.0,9
78900,Remy,Vinnie,ROSES,SEASHELLS,14766.0,3
78900,Vinnie,Vladimir,STRAWBERRIES,SEASHELLS,3986.0,10
79700,Rhianna,Vinnie,GIFT_BASKET,SEASHELLS,71178.0,2
80000,Vinnie,Vladimir,ROSES,SEASHELLS,14752.0,11
80400,Vinnie,Remy,STRAWBERRIES,SEASHELLS,3986.0,6
80500,Vinnie,Vladimir,STRAWBERRIES,SEASHELLS,3986.0,4
80700,Vinnie,Remy,ROSES,SEASHELLS,14760.0,3
80800,Remy,Vinnie,ROSES,SEASHELLS,14763.0,4
80900,Remy,Vinnie,STRAWBERRIES,SEASHELLS,3986.0,8
81300,Remy,Vinnie,CHOCOLATE,SEASHELLS,8024.0,5
81500,Remy,Vinnie,CHOCOLATE,SEASHELLS,8023.0,8
82400,Vinnie,Vladimir,STRAWBERRIES,SEASHELLS,3984.0,11
82700,Vinnie,Remy,CHOCOLATE,SEASHELLS,8019.0,6
82800,Remy,Vinnie,ROSES,SEASHELLS,14750.0,5
83500,Vinnie,Vladimir,STRAWBERRIES,SEASHELLS,3984.0,3
83800,Vladimir,Ruby,GIFT_BASKET,SEASHELLS,71161.0,10
83800,Vinnie,Vladimir,CHOCOLATE,SEASHELLS,8025.0,10
84600,Remy,Vinnie,ROSES,SEASHELLS,14724.0,2
85500,Remy,Vinnie,STRAWBERRIES,SEASHELLS,3984.0,6
85500,Remy,Vinnie,ROSES,SEASHELLS,14724.0,5
85900,Remy,Vinnie,STRAWBERRIES,SEASHELLS,3984.0,5
86000,Vinnie,Ruby,GIFT_BASKET,SEASHELLS,71109.0,1
86100,Vinnie,Vladimir,CHOCOLATE,SEASHELLS,8026.0,6
86200,Vinnie,Remy,ROSES,SEASHELLS,14733.0,4
87100,Vinnie,Remy,ROSES,SEASHELLS,14730.0,3
87300,Vinnie,Vladimir,STRAWBERRIES,SEASHELLS,3983.0,3
87300,Vinnie,Vladimir,CHOCOLATE,SEASHELLS,8024.0,9
87300,Remy,Vinnie,ROSES,SEASHELLS,14736.0,2
87500,Remy,Vinnie,CHOCOLATE,SEASHELLS,8026.0,7
87600,Vinnie,Vladimir,STRAWBERRIES,SEASHELLS,3984.0,10
87900,Vinnie,Remy,ROSES,SEASHELLS,14745.0,1
88500,Remy,Vinnie,ROSES,SEASHELLS,14750.0,2
88600,Ruby,Vinnie,GIFT_BASKET,SEASHELLS,71126.0,1
89000,Vinnie,Remy,ROSES,SEASHELLS,14750.0,1
89100,Vinnie,Remy,ROSES,SEASHELLS,14750.0,1
89500,Vinnie,Remy,CHOCOLATE,SEASHELLS,8023.0,8
89600,Vinnie,Remy,ROSES,SEASHELLS,14746.0,1
90200,Remy,Vinnie,STRAWBERRIES,SEASHELLS,3987.0,9
90400,Vinnie,Remy,CHOCOLATE,SEASHELLS,8025.0,5
91600,Vinnie,Remy,STRAWBERRIES,SEASHELLS,3986.0,6
91800,Vinnie,Remy,STRAWBERRIES,SEASHELLS,3986.0,9
92800,Remy,Vinnie,ROSES,SEASHELLS,14768.0,2
93000,Vinnie,Remy,CHOCOLATE,SEASHELLS,8024.0,5
93600,Vinnie,Vladimir,CHOCOLATE,SEASHELLS,8022.0,10
93600,Remy,Vinnie,ROSES,SEASHELLS,14765.0,1
94400,Vinnie,Remy,STRAWBERRIES,SEASHELLS,3989.0,4
94500,Vinnie,Remy,CHOCOLATE,SEASHELLS,8019.0,7
94600,Vinnie,Vladimir,STRAWBERRIES,SEASHELLS,3989.0,7
94700,Remy,Vinnie,STRAWBERRIES,SEASHELLS,3991.0,5
95100,Vinnie,Vladimir,STRAWBERRIES,SEASHELLS,3990.0,12
95200,Vinnie,Rhianna,GIFT_BASKET,SEASHELLS,71150.0,1
95200,Vladimir,Rhianna,GIFT_BASKET,SEASHELLS,71150.0,5
95200,Vinnie,Remy,CHOCOLATE,SEASHELLS,8020.0,8
95400,Vinnie,Remy,CHOCOLATE,SEASHELLS,8019.0,5
95700,Remy,Vinnie,ROSES,SEASHELLS,14783.0,3
95800,Vinnie,Remy,ROSES,SEASHELLS,14779.0,1
96100,Vinnie,Vladimir,ROSES,SEASHELLS,14786.0,4
96300,Vladimir,Ruby,GIFT_BASKET,SEASHELLS,71178.0,5
96500,Remy,Vinnie,ROSES,SEASHELLS,14786.0,2
97000,Vinnie,Ruby,GIFT_BASKET,SEASHELLS,71193.0,2
97300,Vinnie,Vladimir,STRAWBERRIES,SEASHELLS,3993.0,11
97400,Vinnie,Vladimir,STRAWBERRIES,SEASHELLS,3993.0,7
97600,Remy,Vinnie,STRAWBERRIES,SEASHELLS,3995.0,7
97900,Vladimir,Ruby,GIFT_BASKET,SEASHELLS,71211.0,9
98000,Vinnie,Remy,ROSES,SEASHELLS,14784.0,3
98200,Remy,Vinnie,STRAWBERRIES,SEASHELLS,3995.0,8
98700,Vinnie,Remy,CHOCOLATE,SEASHELLS,8023.0,7
99000,Vinnie,Remy,STRAWBERRIES,SEASHELLS,3994.0,5
99500,Remy,Vinnie,CHOCOLATE,SEASHELLS,8031.0,6
100300,Remy,Vinnie,ROSES,SEASHELLS,14787.0,4
100400,Vinnie,Remy,CHOCOLATE,SEASHELLS,8028.0,8
100700,Remy,Vinnie,STRAWBERRIES,SEASHELLS,3999.0,10
100800,Vinnie,Vladimir,ROSES,SEASHELLS,14798.0,8
101100,Vinnie,Remy,STRAWBERRIES,SEASHELLS,4000.0,9
101100,Vinnie,Remy,ROSES,SEASHELLS,14798.0,4
101300,Ruby,Vladimir,GIFT_BASKET,SEASHELLS,71261.0,6
101500,Remy,Vinnie,CHOCOLATE,SEASHELLS,8025.0,6
101500,Vinnie,Vladimir,STRAWBERRIES,SEASHELLS,4000.0,9
101900,Remy,Vinnie,STRAWBERRIES,SEASHELLS,3998.0,9
102400,Remy,Vinnie,CHOCOLATE,SEASHELLS,8028.0,7
102700,Vinnie,Remy,CHOCOLATE,SEASHELLS,8028.0,5
103000,Vinnie,Remy,ROSES,SEASHELLS,14762.0,2
103200,Vinnie,Vladimir,STRAWBERRIES,SEASHELLS,3996.0,9
103400,Vinnie,Remy,ROSES,SEASHELLS,14763.0,2
103600,Remy,Vinnie,STRAWBERRIES,SEASHELLS,3998.0,4
103800,Rhianna,Vinnie,GIFT_BASKET,SEASHELLS,71257.0,2
103800,Rhianna,Vladimir,GIFT_BASKET,SEASHELLS,71257.0,6
104400,Vinnie,Vladimir,STRAWBERRIES,SEASHELLS,3998.0,8
104500,Remy,Vinnie,STRAWBERRIES,SEASHELLS,4000.0,6
104900,Remy,Vinnie,STRAWBERRIES,SEASHELLS,3998.0,5
105600,Remy,Vinnie,ROSES,SEASHELLS,14767.0,4
105700,Vinnie,Remy,ROSES,SEASHELLS,14769.0,2
105800,Remy,Vinnie,ROSES,SEASHELLS,14768.0,2
105900,Remy,Vinnie,CHOCOLATE,SEASHELLS,8029.0,8
106100,Remy,Vinnie,CHOCOLATE,SEASHELLS,8026.0,6
106100,Remy,Vinnie,ROSES,SEASHELLS,14771.0,3
106300,Vinnie,Vladimir,STRAWBERRIES,SEASHELLS,3999.0,6
107200,Remy,Vinnie,STRAWBERRIES,SEASHELLS,4000.0,5
107400,Vinnie,Remy,CHOCOLATE,SEASHELLS,8026.0,6
108300,Vinnie,Vladimir,STRAWBERRIES,SEASHELLS,3999.0,12
109100,Vinnie,Remy,STRAWBERRIES,SEASHELLS,3999.0,7
109600,Rhianna,Vladimir,GIFT_BASKET,SEASHELLS,71315.0,4
109700,Vinnie,Remy,ROSES,SEASHELLS,14742.0,3
110100,Remy,Vinnie,CHOCOLATE,SEASHELLS,8030.0,6
110900,Vinnie,Remy,STRAWBERRIES,SEASHELLS,4000.0,9
110900,Remy,Vinnie,ROSES,SEASHELLS,14760.0,3
111000,Remy,Vinnie,ROSES,SEASHELLS,14759.0,4
111400,Vinnie,Remy,STRAWBERRIES,SEASHELLS,4000.0,7
111600,Vinnie,Remy,ROSES,SEASHELLS,14753.0,2
111900,Vinnie,Remy,STRAWBERRIES,SEASHELLS,4001.0,10
112800,Vinnie,Remy,STRAWBERRIES,SEASHELLS,4000.0,10
113300,Vinnie,Remy,STRAWBERRIES,SEASHELLS,4002.0,9
113700,Vinnie,Remy,ROSES,SEASHELLS,14738.0,4
114100,Vinnie,Vladimir,STRAWBERRIES,SEASHELLS,4003.0,4
114600,Vinnie,Rhianna,GIFT_BASKET,SEASHELLS,71351.0,1
114900,Vinnie,Remy,ROSES,SEASHELLS,14757.0,3
115000,Rhianna,Vinnie,GIFT_BASKET,SEASHELLS,71392.0,2
115100,Vinnie,Remy,CHOCOLATE,SEASHELLS,8031.0,8
115200,Remy,Vinnie,ROSES,SEASHELLS,14756.0,5
115500,Vinnie,Remy,ROSES,SEASHELLS,14752.0,2
115600,Ruby,Vinnie,GIFT_BASKET,SEASHELLS,71384.0,1
116300,Vinnie,Remy,CHOCOLATE,SEASHELLS,8030.0,6
116400,Remy,Vinnie,ROSES,SEASHELLS,14757.0,1
116400,Vinnie,Ruby,GIFT_BASKET,SEASHELLS,71361.0,2
116500,Vinnie,Remy,CHOCOLATE,SEASHELLS,8028.0,5
117300,Vinnie,Remy,ROSES,SEASHELLS,14746.0,3
117400,Vinnie,Remy,STRAWBERRIES,SEASHELLS,4005.0,10
117400,Remy,Vinnie,ROSES,SEASHELLS,14746.0,3
117500,Remy,Vinnie,STRAWBERRIES,SEASHELLS,4006.0,9
117600,Vinnie,Vladimir,CHOCOLATE,SEASHELLS,8027.0,4
118800,Vinnie,Vladimir,CHOCOLATE,SEASHELLS,8026.0,6
119100,Remy,Vinnie,ROSES,SEASHELLS,14725.0,4
119100,Vinnie,Remy,CHOCOLATE,SEASHELLS,8027.0,5
119400,Rhianna,Vinnie,GIFT_BASKET,SEASHELLS,71336.0,2
119500,Vinnie,Vladimir,ROSES,SEASHELLS,14731.0,11
119700,Remy,Vinnie,STRAWBERRIES,SEASHELLS,4007.0,8
119900,Vinnie,Remy,ROSES,SEASHELLS,14737.0,3
120000,Vinnie,Vladimir,CHOCOLATE,SEASHELLS,8029.0,7
120200,Remy,Vinnie,CHOCOLATE,SEASHELLS,8031.0,5
120300,Remy,Vinnie,STRAWBERRIES,SEASHELLS,4005.0,5
120600,Remy,Vinnie,CHOCOLATE,SEASHELLS,8032.0,8
121000,Remy,Vinnie,STRAWBERRIES,SEASHELLS,4003.0,5
121200,Vladimir,Rhianna,GIFT_BASKET,SEASHELLS,71290.0,2
121500,Vinnie,Remy,STRAWBERRIES,SEASHELLS,4001.0,4
121500,Remy,Vinnie,ROSES,SEASHELLS,14732.0,4
121600,Vinnie,Vladimir,CHOCOLATE,SEASHELLS,8027.0,10
121800,Remy,Vinnie,CHOCOLATE,SEASHELLS,8028.0,7
122000,Vinnie,Remy,ROSES,SEASHELLS,14724.0,5
123600,Vinnie,Remy,ROSES,SEASHELLS,14741.0,5
123900,Remy,Vinnie,CHOCOLATE,SEASHELLS,8029.0,5
124100,Vinnie,Remy,CHOCOLATE,SEASHELLS,8027.0,8
124200,Vinnie,Ruby,GIFT_BASKET,SEASHELLS,71295.0,2
124400,Rhianna,Vinnie,GIFT_BASKET,SEASHELLS,71290.0,1
124400,Rhianna,Vladimir,GIFT_BASKET,SEASHELLS,71296.0,1
124700,Vinnie,Remy,ROSES,SEASHELLS,14744.0,5
124900,Vinnie,Vladimir,ROSES,SEASHELLS,14748.0,8
125600,Vinnie,Remy,ROSES,SEASHELLS,14737.0,2
125900,Vinnie,Vladimir,STRAWBERRIES,SEASHELLS,3998.0,11
126000,Remy,Vinnie,ROSES,SEASHELLS,14736.0,3
126200,Vinnie,Vladimir,STRAWBERRIES,SEASHELLS,3998.0,6
126400,Remy,Vinnie,STRAWBERRIES,SEASHELLS,4000.0,9
126500,Vinnie,Remy,ROSES,SEASHELLS,14736.0,1
126500,Remy,Vinnie,CHOCOLATE,SEASHELLS,8036.0,7
126600,Remy,Vinnie,CHOCOLATE,SEASHELLS,8034.0,5
126600,Vinnie,Remy,STRAWBERRIES,SEASHELLS,3998.0,8
126800,Remy,Vinnie,STRAWBERRIES,SEASHELLS,3999.0,7
126900,Vinnie,Remy,CHOCOLATE,SEASHELLS,8033.0,7
127000,Vinnie,Remy,CHOCOLATE,SEASHELLS,8033.0,7
127700,Remy,Vinnie,CHOCOLATE,SEASHELLS,8037.0,6
128100,Remy,Vinnie,ROSES,SEASHELLS,14752.0,2
128300,Vinnie,Remy,ROSES,SEASHELLS,14751.0,3
128500,Vinnie,Remy,STRAWBERRIES,SEASHELLS,3997.0,6
128900,Remy,Vinnie,ROSES,SEASHELLS,14766.0,1
129000,Vinnie,Remy,ROSES,SEASHELLS,14761.0,2
129100,Vinnie,Vladimir,STRAWBERRIES,SEASHELLS,3998.0,7
129800,Vinnie,Remy,CHOCOLATE,SEASHELLS,8040.0,7
130000,Remy,Vinnie,CHOCOLATE,SEASHELLS,8042.0,5
130400,Remy,Vinnie,STRAWBERRIES,SEASHELLS,4000.0,7
130600,Vinnie,Remy,ROSES,SEASHELLS,14766.0,5
130800,Vinnie,Remy,ROSES,SEASHELLS,14764.0,3
131200,Rhianna,Vinnie,GIFT_BASKET,SEASHELLS,71356.0,1
131800,Vinnie,Vladimir,STRAWBERRIES,SEASHELLS,3997.0,3
131800,Remy,Vinnie,STRAWBERRIES,SEASHELLS,3998.0,8
132000,Vinnie,Vladimir,STRAWBERRIES,SEASHELLS,3997.0,12
132000,Remy,Vinnie,CHOCOLATE,SEASHELLS,8050.0,7
132100,Vinnie,Remy,CHOCOLATE,SEASHELLS,8048.0,5
133000,Remy,Vinnie,STRAWBERRIES,SEASHELLS,4000.0,8
133200,Remy,Vinnie,ROSES,SEASHELLS,14779.0,4
133400,Vinnie,Vladimir,STRAWBERRIES,SEASHELLS,4000.0,3
133500,Vinnie,Remy,STRAWBERRIES,SEASHELLS,3999.0,4
133500,Vladimir,Rhianna,GIFT_BASKET,SEASHELLS,71401.0,7
133600,Vinnie,Ruby,GIFT_BASKET,SEASHELLS,71414.0,2
133700,Vinnie,Remy,ROSES,SEASHELLS,14780.0,5
134000,Remy,Vinnie,ROSES,SEASHELLS,14784.0,5
134700,Vinnie,Remy,STRAWBERRIES,SEASHELLS,3999.0,8
134900,Vinnie,Remy,STRAWBERRIES,SEASHELLS,3999.0,6
135200,Vinnie,Remy,STRAWBERRIES,SEASHELLS,3999.0,4
135300,Remy,Vinnie,CHOCOLATE,SEASHELLS,8044.0,7
135800,Rhianna,Vinnie,GIFT_BASKET,SEASHELLS,71336.0,2
135800,Vinnie,Ruby,GIFT_BASKET,SEASHELLS,71325.0,2
135800,Rhianna,Vladimir,GIFT_BASKET,SEASHELLS,71336.0,5
136200,Remy,Vinnie,STRAWBERRIES,SEASHELLS,4002.0,9
136200,Vinnie,Remy,ROSES,SEASHELLS,14761.0,5
136300,Vinnie,Vladimir,STRAWBERRIES,SEASHELLS,4001.0,4
136600,Vinnie,Vladimir,ROSES,SEASHELLS,14756.0,8
137400,Vladimir,Ruby,GIFT_BASKET,SEASHELLS,71305.0,7
137400,Vinnie,Remy,STRAWBERRIES,SEASHELLS,4001.0,6
137600,Remy,Vinnie,ROSES,SEASHELLS,14750.0,1
138300,Ruby,Vladimir,GIFT_BASKET,SEASHELLS,71326.0,8
138400,Remy,Vinnie,ROSES,SEASHELLS,14747.0,2
138500,Remy,Vinnie,STRAWBERRIES,SEASHELLS,4002.0,8
138700,Vladimir,Ruby,GIFT_BASKET,SEASHELLS,71331.0,7
138700,Vinnie,Rhianna,GIFT_BASKET,SEASHELLS,71332.0,2
138800,Vinnie,Remy,CHOCOLATE,SEASHELLS,8041.0,6
138800,Vinnie,Remy,ROSES,SEASHELLS,14754.0,3
140900,Remy,Vinnie,ROSES,SEASHELLS,14758.0,3
141000,Vinnie,Vladimir,ROSES,SEASHELLS,14760.0,4
141200,Vinnie,Remy,CHOCOLATE,SEASHELLS,8046.0,6
141200,Vinnie,Vladimir,CHOCOLATE,SEASHELLS,8046.0,6
141300,Vinnie,Remy,STRAWBERRIES,SEASHELLS,3999.0,5
142000,Vinnie,Remy,STRAWBERRIES,SEASHELLS,3998.0,4
142200,Remy,Vinnie,CHOCOLATE,SEASHELLS,8048.0,6
142700,Vinnie,Remy,ROSES,SEASHELLS,14759.0,2
143100,Vinnie,Remy,CHOCOLATE,SEASHELLS,8043.0,7
143100,Vinnie,Remy,ROSES,SEASHELLS,14760.0,2
143200,Vinnie,Vladimir,STRAWBERRIES,SEASHELLS,3997.0,5
143300,Remy,Vinnie,ROSES,SEASHELLS,14764.0,3
144200,Remy,Vinnie,STRAWBERRIES,SEASHELLS,3998.0,9
144300,Vinnie,Remy,STRAWBERRIES,SEASHELLS,3997.0,9
145300,Vinnie,Remy,ROSES,SEASHELLS,14750.0,3
145400,Vinnie,Rhianna,GIFT_BASKET,SEASHELLS,71442.0,1
145400,Remy,Vinnie,ROSES,SEASHELLS,14755.0,5
145400,Vladimir,Rhianna,GIFT_BASKET,SEASHELLS,71442.0,7
145800,Remy,Vinnie,STRAWBERRIES,SEASHELLS,3998.0,4
146000,Ruby,Vinnie,GIFT_BASKET,SEASHELLS,71449.0,2
146000,Vinnie,Remy,CHOCOLATE,SEASHELLS,8046.0,7
146300,Remy,Vinnie,STRAWBERRIES,SEASHELLS,3999.0,8
146700,Vinnie,Vladimir,STRAWBERRIES,SEASHELLS,3997.0,4
147000,Vinnie,Remy,CHOCOLATE,SEASHELLS,8048.0,6
147600,Remy,Vinnie,STRAWBERRIES,SEASHELLS,3999.0,6
147700,Vinnie,Remy,CHOCOLATE,SEASHELLS,8046.0,6
147800,Vinnie,Remy,STRAWBERRIES,SEASHELLS,3997.0,5
148200,Remy,Vinnie,ROSES,SEASHELLS,14748.0,5
148300,Remy,Vinnie,ROSES,SEASHELLS,14750.0,5
148700,Vladimir,Rhianna,GIFT_BASKET,SEASHELLS,71401.0,2
149000,Remy,Vinnie,STRAWBERRIES,SEASHELLS,4000.0,6
149200,Vinnie,Remy,STRAWBERRIES,SEASHELLS,3998.0,10
149600,Remy,Vinnie,CHOCOLATE,SEASHELLS,8040.0,7
149700,Vinnie,Vladimir,ROSES,SEASHELLS,14747.0,11
150400,Vinnie,Remy,CHOCOLATE,SEASHELLS,8046.0,8
150700,Vinnie,Remy,CHOCOLATE,SEASHELLS,8045.0,6
150700,Remy,Vinnie,STRAWBERRIES,SEASHELLS,3999.0,9
151300,Remy,Vinnie,CHOCOLATE,SEASHELLS,8045.0,8
151500,Vinnie,Ruby,GIFT_BASKET,SEASHELLS,71449.0,2
151600,Vinnie,Ruby,GIFT_BASKET,SEASHELLS,71433.0,1
152000,Remy,Vinnie,ROSES,SEASHELLS,14776.0,3
152000,Vinnie,Remy,CHOCOLATE,SEASHELLS,8047.0,5
152500,Remy,Vinnie,CHOCOLATE,SEASHELLS,8048.0,5
152600,Ruby,Vinnie,GIFT_BASKET,SEASHELLS,71448.0,1
152900,Vinnie,Vladimir,CHOCOLATE,SEASHELLS,8041.0,5
153000,Remy,Vinnie,CHOCOLATE,SEASHELLS,8044.0,5
153100,Remy,Vinnie,STRAWBERRIES,SEASHELLS,4000.0,10
153500,Vladimir,Rhianna,GIFT_BASKET,SEASHELLS,71439.0,6
153500,Remy,Vinnie,ROSES,SEASHELLS,14786.0,3
154000,Vinnie,Remy,CHOCOLATE,SEASHELLS,8044.0,6
154100,Remy,Vinnie,STRAWBERRIES,SEASHELLS,4001.0,10
154200,Remy,Vinnie,CHOCOLATE,SEASHELLS,8047.0,7
154700,Vinnie,Remy,CHOCOLATE,SEASHELLS,8042.0,8
154900,Vinnie,Remy,STRAWBERRIES,SEASHELLS,3998.0,5
155000,Vinnie,Remy,STRAWBERRIES,SEASHELLS,3998.0,5
155000,Vinnie,Vladimir,STRAWBERRIES,SEASHELLS,3998.0,10
155500,Vinnie,Vladimir,STRAWBERRIES,SEASHELLS,3998.0,11
155600,Vinnie,Remy,CHOCOLATE,SEASHELLS,8037.0,7
156100,Remy,Vinnie,ROSES,SEASHELLS,14785.0,5
156200,Vinnie,Remy,ROSES,SEASHELLS,14788.0,4
156400,Remy,Vinnie,CHOCOLATE,SEASHELLS,8034.0,6
156500,Vinnie,Remy,STRAWBERRIES,SEASHELLS,3998.0,9
156600,Vinnie,Remy,CHOCOLATE,SEASHELLS,8035.0,5
156900,Vinnie,Remy,STRAWBERRIES,SEASHELLS,3997.0,9
157100,Remy,Vinnie,CHOCOLATE,SEASHELLS,8038.0,6
157600,Vinnie,Remy,STRAWBERRIES,SEASHELLS,3995.0,7
157600,Vinnie,Remy,ROSES,SEASHELLS,14794.0,4
157800,Vinnie,Remy,CHOCOLATE,SEASHELLS,8043.0,7
158000,Vinnie,Remy,STRAWBERRIES,SEASHELLS,3993.0,9
158100,Vinnie,Remy,ROSES,SEASHELLS,14788.0,3
158500,Vinnie,Vladimir,STRAWBERRIES,SEASHELLS,3992.0,11
158500,Remy,Vinnie,CHOCOLATE,SEASHELLS,8044.0,6
158600,Rhianna,Vinnie,GIFT_BASKET,SEASHELLS,71449.0,1
158600,Rhianna,Vladimir,GIFT_BASKET,SEASHELLS,71449.0,1
158800,Ruby,Vinnie,GIFT_BASKET,SEASHELLS,71452.0,1
159000,Vinnie,Remy,CHOCOLATE,SEASHELLS,8041.0,8
159300,Vinnie,Remy,STRAWBERRIES,SEASHELLS,3993.0,6
160300,Vinnie,Vladimir,STRAWBERRIES,SEASHELLS,3993.0,12
160300,Vinnie,Remy,ROSES,SEASHELLS,14785.0,1
160300,Vinnie,Remy,STRAWBERRIES,SEASHELLS,3993.0,10
160700,Vinnie,Vladimir,STRAWBERRIES,SEASHELLS,3994.0,11
160900,Remy,Vinnie,STRAWBERRIES,SEASHELLS,3996.0,5
161100,Vinnie,Vladimir,CHOCOLATE,SEASHELLS,8037.0,5
161200,Vinnie,Rhianna,GIFT_BASKET,SEASHELLS,71444.0,2
161400,Vinnie,Remy,ROSES,SEASHELLS,14781.0,1
161600,Vinnie,Vladimir,CHOCOLATE,SEASHELLS,8036.0,10
162900,Vinnie,Vladimir,STRAWBERRIES,SEASHELLS,3996.0,7
163000,Vinnie,Vladimir,STRAWBERRIES,SEASHELLS,3996.0,4
163400,Vinnie,Vladimir,STRAWBERRIES,SEASHELLS,3996.0,8
163500,Remy,Vinnie,STRAWBERRIES,SEASHELLS,3997.0,6
163800,Vinnie,Rhianna,GIFT_BASKET,SEASHELLS,71407.0,2
163800,Vladimir,Rhianna,GIFT_BASKET,SEASHELLS,71407.0,1
163900,Vinnie,Vladimir,STRAWBERRIES,SEASHELLS,3996.0,3
164000,Remy,Vinnie,CHOCOLATE,SEASHELLS,8035.0,6
164300,Vinnie,Remy,CHOCOLATE,SEASHELLS,8032.0,8
165200,Ruby,Vinnie,GIFT_BASKET,SEASHELLS,71380.0,1
165400,Vinnie,Vladimir,STRAWBERRIES,SEASHELLS,3996.0,6
165600,Vladimir,Ruby,GIFT_BASKET,SEASHELLS,71386.0,8
165800,Remy,Vinnie,ROSES,SEASHELLS,14773.0,5
166700,Vinnie,Vladimir,STRAWBERRIES,SEASHELLS,3997.0,11
166900,Vinnie,Remy,STRAWBERRIES,SEASHELLS,3997.0,7
167000,Vinnie,Remy,ROSES,SEASHELLS,14760.0,5
167200,Vinnie,Remy,STRAWBERRIES,SEASHELLS,3996.0,5
167300,Vinnie,Remy,STRAWBERRIES,SEASHELLS,3996.0,8
167400,Vinnie,Vladimir,STRAWBERRIES,SEASHELLS,3995.0,11
167500,Remy,Vinnie,STRAWBERRIES,SEASHELLS,3997.0,6
167600,Vinnie,Vladimir,ROSES,SEASHELLS,14755.0,5
168100,Remy,Vinnie,CHOCOLATE,SEASHELLS,8027.0,6
168200,Remy,Vinnie,CHOCOLATE,SEASHELLS,8026.0,7
168300,Vinnie,Remy,CHOCOLATE,SEASHELLS,8025.0,5
169500,Vinnie,Remy,STRAWBERRIES,SEASHELLS,3996.0,6
169800,Remy,Vinnie,CHOCOLATE,SEASHELLS,8028.0,5
169900,Remy,Vinnie,CHOCOLATE,SEASHELLS,8027.0,6
170300,Vinnie,Remy,ROSES,SEASHELLS,14717.0,1
170500,Vinnie,Vladimir,STRAWBERRIES,SEASHELLS,3995.0,5
170700,Remy,Vinnie,ROSES,SEASHELLS,14719.0,2
170900,Remy,Vinnie,STRAWBERRIES,SEASHELLS,3994.0,4
171200,Vinnie,Vladimir,CHOCOLATE,SEASHELLS,8026.0,9
171200,Vinnie,Remy,STRAWBERRIES,SEASHELLS,3993.0,7
171600,Remy,Vinnie,CHOCOLATE,SEASHELLS,8029.0,7
171900,Vladimir,Rhianna,GIFT_BASKET,SEASHELLS,71311.0,5
172000,Vinnie,Vladimir,STRAWBERRIES,SEASHELLS,3994.0,10
172100,Remy,Vinnie,STRAWBERRIES,SEASHELLS,3996.0,10
172600,Remy,Vinnie,ROSES,SEASHELLS,14729.0,5
172700,Remy,Vinnie,CHOCOLATE,SEASHELLS,8030.0,8
173700,Vinnie,Vladimir,CHOCOLATE,SEASHELLS,8023.0,10
173900,Vinnie,Vladimir,CHOCOLATE,SEASHELLS,8023.0,8
174300,Vinnie,Remy,STRAWBERRIES,SEASHELLS,3994.0,4
174400,Vinnie,Remy,ROSES,SEASHELLS,14716.0,2
174400,Vinnie,Remy,CHOCOLATE,SEASHELLS,8025.0,6
175000,Remy,Vinnie,ROSES,SEASHELLS,14725.0,3
175200,Remy,Vinnie,STRAWBERRIES,SEASHELLS,3995.0,6
175700,Remy,Vinnie,ROSES,SEASHELLS,14722.0,2
175800,Vinnie,Remy,STRAWBERRIES,SEASHELLS,3993.0,5
175800,Remy,Vinnie,ROSES,SEASHELLS,14720.0,3
176000,Vinnie,Remy,STRAWBERRIES,SEASHELLS,3994.0,4
176000,Vinnie,Vladimir,STRAWBERRIES,SEASHELLS,3994.0,10
176800,Vinnie,Remy,STRAWBERRIES,SEASHELLS,3996.0,6
177100,Vinnie,Remy,STRAWBERRIES,SEASHELLS,3995.0,5
177200,Vinnie,Ruby,GIFT_BASKET,SEASHELLS,71260.0,2
177500,Vinnie,Vladimir,ROSES,SEASHELLS,14728.0,11
177600,Vladimir,Ruby,GIFT_BASKET,SEASHELLS,71266.0,7
177800,Vinnie,Remy,STRAWBERRIES,SEASHELLS,3996.0,5
178900,Vinnie,Vladimir,STRAWBERRIES,SEASHELLS,3996.0,6
178900,Remy,Vinnie,ROSES,SEASHELLS,14730.0,1
179000,Remy,Vinnie,CHOCOLATE,SEASHELLS,8020.0,5
179200,Vinnie,Ruby,GIFT_BASKET,SEASHELLS,71239.0,1
180000,Remy,Vinnie,ROSES,SEASHELLS,14706.0,1
180100,Vinnie,Vladimir,CHOCOLATE,SEASHELLS,8020.0,7
180200,Remy,Vinnie,STRAWBERRIES,SEASHELLS,3997.0,4
180300,Vinnie,Remy,CHOCOLATE,SEASHELLS,8020.0,7
180300,Remy,Vinnie,ROSES,SEASHELLS,14703.0,1
181200,Vinnie,Remy,ROSES,SEASHELLS,14713.0,3
181300,Vinnie,Remy,CHOCOLATE,SEASHELLS,8017.0,6
181400,Vinnie,Vladimir,STRAWBERRIES,SEASHELLS,3997.0,11
181700,Vinnie,Remy,ROSES,SEASHELLS,14716.0,3
181900,Vinnie,Remy,STRAWBERRIES,SEASHELLS,3996.0,9
181900,Remy,Vinnie,CHOCOLATE,SEASHELLS,8020.0,5
182400,Remy,Vinnie,STRAWBERRIES,SEASHELLS,3998.0,8
182600,Ruby,Vinnie,GIFT_BASKET,SEASHELLS,71286.0,2
182900,Vinnie,Vladimir,CHOCOLATE,SEASHELLS,8027.0,6
183600,Remy,Vinnie,CHOCOLATE,SEASHELLS,8032.0,8
183900,Vinnie,Remy,ROSES,SEASHELLS,14710.0,2
184100,Vladimir,Rhianna,GIFT_BASKET,SEASHELLS,71299.0,2
184100,Vinnie,Remy,CHOCOLATE,SEASHELLS,8032.0,8
184500,Remy,Vinnie,STRAWBERRIES,SEASHELLS,4001.0,10
184600,Ruby,Vinnie,GIFT_BASKET,SEASHELLS,71318.0,2
184600,Vinnie,Remy,STRAWBERRIES,SEASHELLS,4000.0,5
184800,Remy,Vinnie,STRAWBERRIES,SEASHELLS,4001.0,4
185500,Vinnie,Remy,STRAWBERRIES,SEASHELLS,4000.0,4
185700,Vinnie,Remy,CHOCOLATE,SEASHELLS,8030.0,8
186300,Vinnie,Vladimir,STRAWBERRIES,SEASHELLS,4001.0,6
187000,Vinnie,Remy,ROSES,SEASHELLS,14734.0,4
187600,Vinnie,Remy,ROSES,SEASHELLS,14738.0,4
187800,Ruby,Vladimir,GIFT_BASKET,SEASHELLS,71372.0,10
187800,Vinnie,Remy,STRAWBERRIES,SEASHELLS,4001.0,8
188400,Remy,Vinnie,ROSES,SEASHELLS,14745.0,3
188500,Ruby,Vladimir,GIFT_BASKET,SEASHELLS,71339.0,10
188600,Remy,Vinnie,ROSES,SEASHELLS,14737.0,1
188700,Remy,Vinnie,STRAWBERRIES,SEASHELLS,4002.0,7
188900,Vinnie,Vladimir,ROSES,SEASHELLS,14738.0,8
189900,Rhianna,Vladimir,GIFT_BASKET,SEASHELLS,71377.0,4
189900,Rhianna,Vinnie,GIFT_BASKET,SEASHELLS,71377.0,2
190000,Remy,Vinnie,ROSES,SEASHELLS,14747.0,1
191700,Vinnie,Remy,ROSES,SEASHELLS,14758.0,4
191900,Vinnie,Vladimir,STRAWBERRIES,SEASHELLS,4001.0,9
192200,Remy,Vinnie,STRAWBERRIES,SEASHELLS,4002.0,10
192600,Vinnie,Remy,CHOCOLATE,SEASHELLS,8024.0,6
192700,Vinnie,Remy,ROSES,SEASHELLS,14771.0,2
192900,Vladimir,Rhianna,GIFT_BASKET,SEASHELLS,71350.0,2
193300,Vinnie,Vladimir,STRAWBERRIES,SEASHELLS,4003.0,10
193400,Vinnie,Vladimir,ROSES,SEASHELLS,14768.0,5
193700,Vinnie,Remy,ROSES,SEASHELLS,14767.0,1
193800,Remy,Vinnie,STRAWBERRIES,SEASHELLS,4003.0,8
193900,Vinnie,Vladimir,STRAWBERRIES,SEASHELLS,4002.0,9
194100,Vinnie,Remy,STRAWBERRIES,SEASHELLS,4002.0,4
194300,Vinnie,Rhianna,GIFT_BASKET,SEASHELLS,71284.0,1
194300,Vladimir,Rhianna,GIFT_BASKET,SEASHELLS,71283.0,2
194700,Vinnie,Vladimir,ROSES,SEASHELLS,14760.0,6
194900,Vinnie,Remy,CHOCOLATE,SEASHELLS,8019.0,7
195000,Vinnie,Remy,ROSES,SEASHELLS,14758.0,3
195200,Vinnie,Remy,ROSES,SEASHELLS,14758.0,3
195300,Vladimir,Rhianna,GIFT_BASKET,SEASHELLS,71272.0,4
195300,Vinnie,Rhianna,GIFT_BASKET,SEASHELLS,71273.0,1
195900,Vinnie,Vladimir,STRAWBERRIES,SEASHELLS,4002.0,6
196000,Vinnie,Remy,CHOCOLATE,SEASHELLS,8015.0,7
196200,Vinnie,Remy,STRAWBERRIES,SEASHELLS,4002.0,10
196300,Vinnie,Remy,ROSES,SEASHELLS,14761.0,5
196500,Vinnie,Remy,STRAWBERRIES,SEASHELLS,4003.0,10
196700,Vinnie,Vladimir,STRAWBERRIES,SEASHELLS,4003.0,8
196800,Remy,Vinnie,STRAWBERRIES,SEASHELLS,4004.0,5
197100,Vinnie,Remy,CHOCOLATE,SEASHELLS,8015.0,7
197500,Vinnie,Remy,ROSES,SEASHELLS,14746.0,2
197600,Remy,Vinnie,CHOCOLATE,SEASHELLS,8020.0,7
197900,Ruby,Vinnie,GIFT_BASKET,SEASHELLS,71301.0,2
198200,Vinnie,Remy,ROSES,SEASHELLS,14753.0,3
198200,Vinnie,Remy,STRAWBERRIES,SEASHELLS,4003.0,10
198400,Remy,Vinnie,ROSES,SEASHELLS,14751.0,3
198500,Vinnie,Remy,CHOCOLATE,SEASHELLS,8015.0,6
198600,Vinnie,Vladimir,ROSES,SEASHELLS,14753.0,7
198600,Vinnie,Ruby,GIFT_BASKET,SEASHELLS,71277.0,1
198700,Remy,Vinnie,ROSES,SEASHELLS,14760.0,1
199100,Remy,Vinnie,ROSES,SEASHELLS,14758.0,2
199800,Vinnie,Remy,CHOCOLATE,SEASHELLS,8005.0,7
200200,Vinnie,Remy,CHOCOLATE,SEASHELLS,8009.0,6
200800,Remy,Vinnie,STRAWBERRIES,SEASHELLS,4005.0,4
201200,Remy,Vinnie,STRAWBERRIES,SEASHELLS,4005.0,4
201200,Vinnie,Remy,ROSES,SEASHELLS,14740.0,1
201700,Vinnie,Remy,ROSES,SEASHELLS,14742.0,4
202100,Vinnie,Vladimir,STRAWBERRIES,SEASHELLS,4004.0,11
202200,Remy,Vinnie,STRAWBERRIES,SEASHELLS,4005.0,5
202600,Vinnie,Vladimir,CHOCOLATE,SEASHELLS,8012.0,8
202700,Remy,Vinnie,ROSES,SEASHELLS,14748.0,4
202900,Vinnie,Remy,ROSES,SEASHELLS,14748.0,1
203000,Vinnie,Remy,CHOCOLATE,SEASHELLS,8014.0,8
203200,Remy,Vinnie,STRAWBERRIES,SEASHELLS,4004.0,8
203400,Vinnie,Remy,CHOCOLATE,SEASHELLS,8013.0,8
203400,Remy,Vinnie,STRAWBERRIES,SEASHELLS,4004.0,9
203800,Vinnie,Vladimir,STRAWBERRIES,SEASHELLS,4003.0,7
203800,Vinnie,Remy,STRAWBERRIES,SEASHELLS,4003.0,5
203900,Vinnie,Remy,STRAWBERRIES,SEASHELLS,4004.0,7
204300,Remy,Vinnie,CHOCOLATE,SEASHELLS,8015.0,8
204400,Vinnie,Vladimir,STRAWBERRIES,SEASHELLS,4004.0,4
204500,Vinnie,Remy,CHOCOLATE,SEASHELLS,8016.0,5
204800,Remy,Vinnie,ROSES,SEASHELLS,14737.0,5
205400,Remy,Vinnie,CHOCOLATE,SEASHELLS,8015.0,5
205400,Remy,Vinnie,STRAWBERRIES,SEASHELLS,4005.0,9
205700,Remy,Vinnie,ROSES,SEASHELLS,14757.0,4
205700,Remy,Vinnie,STRAWBERRIES,SEASHELLS,4005.0,6
205700,Vinnie,Vladimir,STRAWBERRIES,SEASHELLS,4003.0,8
206000,Vladimir,Ruby,GIFT_BASKET,SEASHELLS,71256.0,9
206000,Vinnie,Remy,STRAWBERRIES,SEASHELLS,4004.0,6
206100,Remy,Vinnie,CHOCOLATE,SEASHELLS,8013.0,6
206500,Vladimir,Vinnie,GIFT_BASKET,SEASHELLS,71266.0,1
207000,Remy,Vinnie,CHOCOLATE,SEASHELLS,8009.0,8
207100,Remy,Vinnie,CHOCOLATE,SEASHELLS,8009.0,8
207200,Vladimir,Ruby,GIFT_BASKET,SEASHELLS,71197.0,8
207600,Vinnie,Remy,ROSES,SEASHELLS,14737.0,4
207700,Vinnie,Remy,ROSES,SEASHELLS,14734.0,1
207800,Vladimir,Rhianna,GIFT_BASKET,SEASHELLS,71191.0,8
208000,Remy,Vinnie,STRAWBERRIES,SEASHELLS,4004.0,10
208100,Vinnie,Rhianna,GIFT_BASKET,SEASHELLS,71206.0,1
208100,Remy,Vinnie,CHOCOLATE,SEASHELLS,8006.0,5
208700,Vinnie,Ruby,GIFT_BASKET,SEASHELLS,71192.0,2
208900,Remy,Vinnie,ROSES,SEASHELLS,14749.0,1
208900,Vinnie,Vladimir,STRAWBERRIES,SEASHELLS,4003.0,9
209200,Vinnie,Vladimir,CHOCOLATE,SEASHELLS,7999.0,6
209200,Vinnie,Vladimir,STRAWBERRIES,SEASHELLS,4004.0,12
209500,Vinnie,Remy,ROSES,SEASHELLS,14743.0,1
210800,Vinnie,Ruby,GIFT_BASKET,SEASHELLS,71170.0,1
211800,Vinnie,Remy,STRAWBERRIES,SEASHELLS,4004.0,7
212100,Vinnie,Vladimir,CHOCOLATE,SEASHELLS,7996.0,10
212400,Remy,Vinnie,CHOCOLATE,SEASHELLS,7995.0,7
212400,Remy,Vinnie,STRAWBERRIES,SEASHELLS,4006.0,4
212500,Remy,Vinnie,CHOCOLATE,SEASHELLS,7996.0,7
213100,Remy,Vinnie,STRAWBERRIES,SEASHELLS,4007.0,10
213500,Vinnie,Vladimir,CHOCOLATE,SEASHELLS,7995.0,5
214000,Remy,Vinnie,ROSES,SEASHELLS,14769.0,3
214000,Remy,Vinnie,STRAWBERRIES,SEASHELLS,4009.0,10
214400,Rhianna,Vinnie,GIFT_BASKET,SEASHELLS,71226.0,1
214700,Remy,Vinnie,STRAWBERRIES,SEASHELLS,4008.0,10
214900,Vinnie,Remy,ROSES,SEASHELLS,14769.0,3
215700,Vinnie,Remy,ROSES,SEASHELLS,14779.0,5
216800,Vinnie,Remy,CHOCOLATE,SEASHELLS,7990.0,5
217100,Vinnie,Vladimir,STRAWBERRIES,SEASHELLS,4005.0,12
217400,Remy,Vinnie,CHOCOLATE,SEASHELLS,7991.0,7
217900,Remy,Vinnie,CHOCOLATE,SEASHELLS,7993.0,8
218100,Remy,Vinnie,STRAWBERRIES,SEASHELLS,4006.0,6
218900,Vinnie,Vladimir,STRAWBERRIES,SEASHELLS,4004.0,11
219400,Remy,Vinnie,STRAWBERRIES,SEASHELLS,4004.0,8
219500,Vinnie,Remy,ROSES,SEASHELLS,14749.0,4
220200,Vinnie,Remy,STRAWBERRIES,SEASHELLS,4002.0,6
220300,Vinnie,Vladimir,CHOCOLATE,SEASHELLS,7990.0,7
220600,Vinnie,Vladimir,CHOCOLATE,SEASHELLS,7990.0,5
220700,Vinnie,Ruby,GIFT_BASKET,SEASHELLS,71085.0,5
220800,Vinnie,Remy,CHOCOLATE,SEASHELLS,7990.0,6
220900,Vinnie,Vladimir,STRAWBERRIES,SEASHELLS,4001.0,6
221000,Remy,Vinnie,STRAWBERRIES,SEASHELLS,4002.0,6
221100,Vinnie,Ruby,GIFT_BASKET,SEASHELLS,71071.0,2
221600,Vinnie,Vladimir,STRAWBERRIES,SEASHELLS,3999.0,6
221800,Vinnie,Remy,CHOCOLATE,SEASHELLS,7992.0,8
222000,Vinnie,Remy,STRAWBERRIES,SEASHELLS,3999.0,4
222700,Vinnie,Remy,STRAWBERRIES,SEASHELLS,3999.0,8
222800,Vladimir,Ruby,GIFT_BASKET,SEASHELLS,71097.0,5
223100,Vinnie,Remy,ROSES,SEASHELLS,14749.0,5
223300,Vinnie,Vladimir,STRAWBERRIES,SEASHELLS,4001.0,12
223400,Vinnie,Remy,ROSES,SEASHELLS,14741.0,4
223600,Vinnie,Remy,CHOCOLATE,SEASHELLS,7995.0,6
224000,Vinnie,Vladimir,STRAWBERRIES,SEASHELLS,4001.0,6
224200,Vinnie,Remy,ROSES,SEASHELLS,14733.0,4
224700,Ruby,Vinnie,GIFT_BASKET,SEASHELLS,71118.0,2
224700,Remy,Vinnie,CHOCOLATE,SEASHELLS,7996.0,5
225000,Vinnie,Rhianna,GIFT_BASKET,SEASHELLS,71092.0,1
225000,Vinnie,Vladimir,CHOCOLATE,SEASHELLS,7994.0,9
225000,Vladimir,Rhianna,GIFT_BASKET,SEASHELLS,71091.0,6
225100,Remy,Vinnie,STRAWBERRIES,SEASHELLS,4003.0,8
225500,Remy,Vinnie,STRAWBERRIES,SEASHELLS,4002.0,5
225700,Remy,Vinnie,STRAWBERRIES,SEASHELLS,4003.0,10
225700,Remy,Vinnie,ROSES,SEASHELLS,14759.0,1
225900,Remy,Vinnie,ROSES,SEASHELLS,14755.0,1
226200,Remy,Vinnie,CHOCOLATE,SEASHELLS,7997.0,8
226500,Vinnie,Remy,ROSES,SEASHELLS,14748.0,2
226600,Vinnie,Remy,CHOCOLATE,SEASHELLS,7997.0,5
226800,Ruby,Vinnie,GIFT_BASKET,SEASHELLS,71135.0,1
226800,Remy,Vinnie,ROSES,SEASHELLS,14760.0,2
226900,Vladimir,Rhianna,GIFT_BASKET,SEASHELLS,71120.0,7
226900,Vinnie,Rhianna,GIFT_BASKET,SEASHELLS,71120.0,1
227700,Vinnie,Remy,STRAWBERRIES,SEASHELLS,4000.0,4
227800,Vinnie,Ruby,GIFT_BASKET,SEASHELLS,71095.0,1
228000,Vinnie,Remy,ROSES,SEASHELLS,14751.0,5
228100,Vinnie,Vladimir,STRAWBERRIES,SEASHELLS,3999.0,4
228500,Vinnie,Remy,CHOCOLATE,SEASHELLS,8002.0,6
228500,Vinnie,Remy,ROSES,SEASHELLS,14747.0,3
229700,Vinnie,Ruby,GIFT_BASKET,SEASHELLS,71078.0,2
229800,Remy,Vinnie,STRAWBERRIES,SEASHELLS,4000.0,8
230200,Vinnie,Remy,STRAWBERRIES,SEASHELLS,3998.0,7
230400,Vinnie,Remy,STRAWBERRIES,SEASHELLS,3998.0,6
230900,Vinnie,Vladimir,STRAWBERRIES,SEASHELLS,3998.0,10
231400,Vinnie,Remy,STRAWBERRIES,SEASHELLS,3998.0,5
231900,Vinnie,Remy,CHOCOLATE,SEASHELLS,7995.0,8
232100,Remy,Vinnie,ROSES,SEASHELLS,14734.0,4
232100,Vinnie,Ruby,GIFT_BASKET,SEASHELLS,70995.0,1
232100,Remy,Vinnie,CHOCOLATE,SEASHELLS,7998.0,5
232300,Vladimir,Rhianna,GIFT_BASKET,SEASHELLS,70982.0,3
232300,Vinnie,Vladimir,STRAWBERRIES,SEASHELLS,3996.0,6
232800,Remy,Vinnie,ROSES,SEASHELLS,14735.0,5
232900,Vinnie,Remy,CHOCOLATE,SEASHELLS,7992.0,8
233100,Vinnie,Remy,STRAWBERRIES,SEASHELLS,3995.0,10
233300,Vinnie,Rhianna,GIFT_BASKET,SEASHELLS,70962.0,1
233300,Vladimir,Rhianna,GIFT_BASKET,SEASHELLS,70961.0,1
233500,Remy,Vinnie,ROSES,SEASHELLS,14739.0,5
233700,Vinnie,Remy,STRAWBERRIES,SEASHELLS,3994.0,6
234400,Vinnie,Ruby,GIFT_BASKET,SEASHELLS,70997.0,1
234500,Vinnie,Remy,ROSES,SEASHELLS,14752.0,2
235300,Vinnie,Remy,ROSES,SEASHELLS,14738.0,3
237000,Vinnie,Remy,ROSES,SEASHELLS,14743.0,5
238000,Ruby,Vinnie,GIFT_BASKET,SEASHELLS,71005.0,1
238200,Remy,Vinnie,CHOCOLATE,SEASHELLS,7992.0,7
238200,Ruby,Vinnie,GIFT_BASKET,SEASHELLS,70992.0,2
238700,Remy,Vinnie,ROSES,SEASHELLS,14747.0,4
238700,Remy,Vinnie,STRAWBERRIES,SEASHELLS,3998.0,8
238800,Vinnie,Vladimir,STRAWBERRIES,SEASHELLS,3997.0,12
239000,Remy,Vinnie,CHOCOLATE,SEASHELLS,7996.0,5
239100,Vinnie,Vladimir,STRAWBERRIES,SEASHELLS,3996.0,4
239200,Vinnie,Vladimir,CHOCOLATE,SEASHELLS,7994.0,10
239300,Remy,Vinnie,STRAWBERRIES,SEASHELLS,3997.0,9
240300,Vinnie,Vladimir,STRAWBERRIES,SEASHELLS,3997.0,9
240500,Remy,Vinnie,CHOCOLATE,SEASHELLS,7998.0,8
240600,Vinnie,Vladimir,STRAWBERRIES,SEASHELLS,3998.0,3
240700,Remy,Vinnie,STRAWBERRIES,SEASHELLS,3999.0,6
240700,Vinnie,Vladimir,STRAWBERRIES,SEASHELLS,3998.0,5
240800,Vinnie,Remy,ROSES,SEASHELLS,14731.0,2
240900,Vinnie,Vladimir,STRAWBERRIES,SEASHELLS,3998.0,11
240900,Rhianna,Vinnie,GIFT_BASKET,SEASHELLS,71014.0,1
241300,Remy,Vinnie,ROSES,SEASHELLS,14730.0,1
242100,Remy,Vinnie,ROSES,SEASHELLS,14737.0,1
242200,Remy,Vinnie,ROSES,SEASHELLS,14730.0,3
242200,Vinnie,Vladimir,STRAWBERRIES,SEASHELLS,3998.0,4
242600,Remy,Vinnie,ROSES,SEASHELLS,14732.0,3
244000,Vinnie,Rhianna,GIFT_BASKET,SEASHELLS,70987.0,2
244000,Remy,Vinnie,CHOCOLATE,SEASHELLS,7997.0,7
244100,Remy,Vinnie,ROSES,SEASHELLS,14747.0,4
244400,Vinnie,Remy,CHOCOLATE,SEASHELLS,7993.0,5
244400,Vinnie,Remy,STRAWBERRIES,SEASHELLS,3997.0,8
244700,Vinnie,Remy,STRAWBERRIES,SEASHELLS,3997.0,6
244900,Remy,Vinnie,ROSES,SEASHELLS,14740.0,5
245700,Remy,Vinnie,STRAWBERRIES,SEASHELLS,3998.0,9
245900,Remy,Vinnie,CHOCOLATE,SEASHELLS,7993.0,8
246600,Vinnie,Remy,STRAWBERRIES,SEASHELLS,3998.0,7
247000,Vinnie,Vladimir,ROSES,SEASHELLS,14732.0,6
247000,Remy,Vinnie,ROSES,SEASHELLS,14733.0,2
247400,Vinnie,Remy,ROSES,SEASHELLS,14729.0,4
247700,Ruby,Vinnie,GIFT_BASKET,SEASHELLS,70968.0,6
247900,Vinnie,Rhianna,GIFT_BASKET,SEASHELLS,70979.0,2
248200,Remy,Vinnie,ROSES,SEASHELLS,14727.0,1
248400,Vinnie,Vladimir,ROSES,SEASHELLS,14727.0,6
248500,Remy,Vinnie,STRAWBERRIES,SEASHELLS,4001.0,10
248600,Vinnie,Remy,STRAWBERRIES,SEASHELLS,4000.0,7
248900,Remy,Vinnie,ROSES,SEASHELLS,14734.0,4
249300,Vinnie,Vladimir,STRAWBERRIES,SEASHELLS,4002.0,5
249400,Vinnie,Remy,CHOCOLATE,SEASHELLS,7986.0,5
249500,Vinnie,Remy,ROSES,SEASHELLS,14746.0,2
249600,Vinnie,Vladimir,STRAWBERRIES,SEASHELLS,4001.0,9
249600,Remy,Vinnie,ROSES,SEASHELLS,14747.0,1
250200,Vinnie,Vladimir,CHOCOLATE,SEASHELLS,7983.0,9
250300,Remy,Vinnie,ROSES,SEASHELLS,14745.0,2
250300,Remy,Vinnie,STRAWBERRIES,SEASHELLS,4003.0,5
250500,Vinnie,Remy,CHOCOLATE,SEASHELLS,7983.0,7
251000,Vinnie,Remy,STRAWBERRIES,SEASHELLS,4003.0,6
251400,Vinnie,Vladimir,STRAWBERRIES,SEASHELLS,4003.0,9
252500,Remy,Vinnie,ROSES,SEASHELLS,14742.0,3
252700,Vinnie,Vladimir,CHOCOLATE,SEASHELLS,7982.0,6
252800,Vinnie,Vladimir,STRAWBERRIES,SEASHELLS,4004.0,6
253100,Remy,Vinnie,CHOCOLATE,SEASHELLS,7987.0,5
253100,Vinnie,Vladimir,STRAWBERRIES,SEASHELLS,4003.0,6
253500,Remy,Vinnie,CHOCOLATE,SEASHELLS,7987.0,7
253700,Ruby,Vinnie,GIFT_BASKET,SEASHELLS,70979.0,1
254100,Remy,Vinnie,STRAWBERRIES,SEASHELLS,4003.0,9
254100,Remy,Vinnie,ROSES,SEASHELLS,14736.0,3
254300,Vladimir,Ruby,GIFT_BASKET,SEASHELLS,71003.0,9
255100,Vinnie,Vladimir,STRAWBERRIES,SEASHELLS,4002.0,9
255300,Vinnie,Remy,CHOCOLATE,SEASHELLS,7989.0,7
255500,Ruby,Vladimir,GIFT_BASKET,SEASHELLS,71061.0,5
255700,Vinnie,Remy,STRAWBERRIES,SEASHELLS,4003.0,9
256300,Vinnie,Remy,ROSES,SEASHELLS,14728.0,1
256400,Remy,Vinnie,CHOCOLATE,SEASHELLS,7988.0,6
256600,Rhianna,Vinnie,GIFT_BASKET,SEASHELLS,71058.0,1
256700,Remy,Vinnie,STRAWBERRIES,SEASHELLS,4004.0,5
256900,Vinnie,Remy,CHOCOLATE,SEASHELLS,7987.0,7
257000,Remy,Vinnie,STRAWBERRIES,SEASHELLS,4004.0,6
257100,Remy,Vinnie,CHOCOLATE,SEASHELLS,7986.0,7
257200,Vinnie,Vladimir,CHOCOLATE,SEASHELLS,7984.0,5
257400,Vinnie,Remy,ROSES,SEASHELLS,14749.0,2
257500,Remy,Vinnie,CHOCOLATE,SEASHELLS,7988.0,5
257600,Remy,Vinnie,STRAWBERRIES,SEASHELLS,4004.0,10
257700,Remy,Vinnie,STRAWBERRIES,SEASHELLS,4004.0,5
258100,Vladimir,Vinnie,GIFT_BASKET,SEASHELLS,71024.0,1
258200,Vinnie,Vladimir,STRAWBERRIES,SEASHELLS,4002.0,10
258300,Vinnie,Remy,ROSES,SEASHELLS,14757.0,5
258900,Vinnie,Vladimir,STRAWBERRIES,SEASHELLS,4003.0,11
259400,Vinnie,Vladimir,CHOCOLATE,SEASHELLS,7990.0,5
259500,Vinnie,Remy,ROSES,SEASHELLS,14755.0,5
260700,Ruby,Vladimir,GIFT_BASKET,SEASHELLS,71051.0,5
261000,Vladimir,Rhianna,GIFT_BASKET,SEASHELLS,71026.0,2
261000,Remy,Vinnie,STRAWBERRIES,SEASHELLS,4005.0,6
261200,Vinnie,Vladimir,STRAWBERRIES,SEASHELLS,4004.0,11
261400,Remy,Vinnie,STRAWBERRIES,SEASHELLS,4005.0,6
261800,Remy,Vinnie,ROSES,SEASHELLS,14752.0,1
262000,Vinnie,Remy,STRAWBERRIES,SEASHELLS,4003.0,9
262100,Vinnie,Remy,ROSES,SEASHELLS,14748.0,1
262100,Vinnie,Vladimir,ROSES,SEASHELLS,14748.0,7
262200,Remy,Vinnie,STRAWBERRIES,SEASHELLS,4005.0,4
262500,Vinnie,Remy,STRAWBERRIES,SEASHELLS,4004.0,8
262900,Remy,Vinnie,CHOCOLATE,SEASHELLS,7985.0,8
263000,Vinnie,Vladimir,ROSES,SEASHELLS,14741.0,4
263200,Vinnie,Remy,STRAWBERRIES,SEASHELLS,4004.0,9
263300,Vinnie,Remy,ROSES,SEASHELLS,14749.0,2
263300,Remy,Vinnie,CHOCOLATE,SEASHELLS,7985.0,5
263600,Vinnie,Vladimir,ROSES,SEASHELLS,14751.0,4
264100,Vinnie,Vladimir,CHOCOLATE,SEASHELLS,7981.0,10
264200,Remy,Vinnie,CHOCOLATE,SEASHELLS,7982.0,5
264400,Remy,Vinnie,ROSES,SEASHELLS,14763.0,5
264400,Remy,Vinnie,STRAWBERRIES,SEASHELLS,4005.0,9
264600,Remy,Vinnie,ROSES,SEASHELLS,14763.0,1
264800,Remy,Vinnie,ROSES,SEASHELLS,14763.0,3
265600,Vinnie,Vladimir,CHOCOLATE,SEASHELLS,7981.0,6
265700,Vinnie,Remy,ROSES,SEASHELLS,14775.0,3
266000,Remy,Vinnie,STRAWBERRIES,SEASHELLS,4005.0,10
266000,Remy,Vinnie,ROSES,SEASHELLS,14783.0,5
266100,Vinnie,Rhianna,GIFT_BASKET,SEASHELLS,71044.0,1
266100,Vladimir,Rhianna,GIFT_BASKET,SEASHELLS,71043.0,4
266200,Ruby,Vinnie,GIFT_BASKET,SEASHELLS,71058.0,2
266400,Remy,Vinnie,CHOCOLATE,SEASHELLS,7986.0,6
266500,Vinnie,Vladimir,STRAWBERRIES,SEASHELLS,4003.0,4
266800,Vinnie,Remy,ROSES,SEASHELLS,14791.0,3
267000,Remy,Vinnie,CHOCOLATE,SEASHELLS,7986.0,5
267300,Vinnie,Remy,ROSES,SEASHELLS,14784.0,3
267800,Remy,Vinnie,CHOCOLATE,SEASHELLS,7992.0,7
267900,Remy,Vinnie,ROSES,SEASHELLS,14797.0,4
268100,Remy,Vinnie,CHOCOLATE,SEASHELLS,7991.0,5
268100,Vinnie,Vladimir,STRAWBERRIES,SEASHELLS,4003.0,12
268200,Vinnie,Remy,CHOCOLATE,SEASHELLS,7989.0,7
268500,Remy,Vinnie,STRAWBERRIES,SEASHELLS,4003.0,7
268500,Vinnie,Remy,CHOCOLATE,SEASHELLS,7989.0,7
268900,Remy,Vinnie,ROSES,SEASHELLS,14776.0,4
269100,Vinnie,Remy,CHOCOLATE,SEASHELLS,7991.0,7
269300,Vinnie,Remy,STRAWBERRIES,SEASHELLS,4002.0,5
269800,Vinnie,Remy,ROSES,SEASHELLS,14786.0,5
270000,Vinnie,Remy,ROSES,SEASHELLS,14784.0,4
270200,Vinnie,Remy,CHOCOLATE,SEASHELLS,7995.0,6
270400,Vinnie,Remy,ROSES,SEASHELLS,14779.0,3
270800,Vinnie,Remy,CHOCOLATE,SEASHELLS,7994.0,7
270900,Remy,Vinnie,ROSES,SEASHELLS,14778.0,2
271000,Remy,Vinnie,CHOCOLATE,SEASHELLS,7996.0,6
271100,Vinnie,Remy,CHOCOLATE,SEASHELLS,7997.0,6
271400,Vinnie,Vladimir,CHOCOLATE,SEASHELLS,7999.0,6
271600,Remy,Vinnie,CHOCOLATE,SEASHELLS,8000.0,6
271600,Remy,Vinnie,ROSES,SEASHELLS,14780.0,4
271800,Remy,Vinnie,CHOCOLATE,SEASHELLS,7998.0,8
272100,Vinnie,Rhianna,GIFT_BASKET,SEASHELLS,71020.0,1
272100,Vladimir,Rhianna,GIFT_BASKET,SEASHELLS,71019.0,6
272900,Vinnie,Remy,STRAWBERRIES,SEASHELLS,3998.0,6
273000,Vinnie,Remy,CHOCOLATE,SEASHELLS,7994.0,7
273400,Vinnie,Remy,CHOCOLATE,SEASHELLS,7992.0,8
273800,Vinnie,Remy,ROSES,SEASHELLS,14761.0,3
273900,Vinnie,Remy,STRAWBERRIES,SEASHELLS,3998.0,9
274400,Vinnie,Remy,STRAWBERRIES,SEASHELLS,3998.0,8
274800,Remy,Vinnie,ROSES,SEASHELLS,14758.0,2
275300,Remy,Vinnie,CHOCOLATE,SEASHELLS,7987.0,6
275300,Vinnie,Vladimir,STRAWBERRIES,SEASHELLS,3999.0,9
275400,Vinnie,Remy,ROSES,SEASHELLS,14757.0,3
275700,Vinnie,Remy,ROSES,SEASHELLS,14747.0,4
275900,Remy,Vinnie,ROSES,SEASHELLS,14746.0,1
275900,Vinnie,Remy,CHOCOLATE,SEASHELLS,7985.0,7
276300,Vinnie,Remy,ROSES,SEASHELLS,14738.0,5
276400,Remy,Vinnie,ROSES,SEASHELLS,14737.0,3
276500,Vinnie,Remy,STRAWBERRIES,SEASHELLS,3999.0,10
276600,Vinnie,Remy,STRAWBERRIES,SEASHELLS,4000.0,10
276900,Remy,Vinnie,ROSES,SEASHELLS,14741.0,3
277400,Remy,Vinnie,ROSES,SEASHELLS,14748.0,1
277400,Vinnie,Remy,CHOCOLATE,SEASHELLS,7987.0,6
278100,Remy,Vinnie,ROSES,SEASHELLS,14753.0,4
278200,Vinnie,Remy,CHOCOLATE,SEASHELLS,7991.0,7
278400,Vinnie,Remy,CHOCOLATE,SEASHELLS,7989.0,7
278500,Remy,Vinnie,STRAWBERRIES,SEASHELLS,4000.0,4
279000,Remy,Vinnie,STRAWBERRIES,SEASHELLS,3999.0,10
279200,Vinnie,Vladimir,STRAWBERRIES,SEASHELLS,3998.0,4
279600,Vinnie,Remy,STRAWBERRIES,SEASHELLS,3997.0,9
279700,Rhianna,Vinnie,GIFT_BASKET,SEASHELLS,70929.0,2
279700,Rhianna,Vladimir,GIFT_BASKET,SEASHELLS,70929.0,2
281000,Vinnie,Remy,ROSES,SEASHELLS,14762.0,2
281200,Vinnie,Vladimir,STRAWBERRIES,SEASHELLS,3995.0,11
281400,Remy,Vinnie,ROSES,SEASHELLS,14748.0,2
281700,Vinnie,Ruby,GIFT_BASKET,SEASHELLS,70850.0,2
281700,Vinnie,Remy,CHOCOLATE,SEASHELLS,7989.0,5
281700,Vinnie,Remy,ROSES,SEASHELLS,14747.0,5
281900,Remy,Vinnie,ROSES,SEASHELLS,14746.0,4
282200,Vinnie,Remy,ROSES,SEASHELLS,14750.0,2
282400,Remy,Vinnie,STRAWBERRIES,SEASHELLS,3996.0,8
282600,Vinnie,Remy,STRAWBERRIES,SEASHELLS,3994.0,6
282700,Vinnie,Remy,CHOCOLATE,SEASHELLS,7993.0,7
283300,Remy,Vinnie,ROSES,SEASHELLS,14734.0,1
283600,Remy,Vinnie,STRAWBERRIES,SEASHELLS,3996.0,5
283800,Remy,Vinnie,STRAWBERRIES,SEASHELLS,3996.0,8
284900,Vinnie,Remy,STRAWBERRIES,SEASHELLS,3994.0,4
285200,Vinnie,Vladimir,STRAWBERRIES,SEASHELLS,3994.0,11
285500,Remy,Vinnie,ROSES,SEASHELLS,14733.0,4
285700,Remy,Vinnie,CHOCOLATE,SEASHELLS,8000.0,6
285700,Vinnie,Remy,ROSES,SEASHELLS,14731.0,1
285800,Remy,Vinnie,ROSES,SEASHELLS,14737.0,2
286700,Remy,Vinnie,CHOCOLATE,SEASHELLS,7994.0,5
287800,Vinnie,Remy,CHOCOLATE,SEASHELLS,7997.0,7
288100,Remy,Vinnie,ROSES,SEASHELLS,14740.0,3
288400,Ruby,Vinnie,GIFT_BASKET,SEASHELLS,70910.0,2
288500,Vinnie,Remy,STRAWBERRIES,SEASHELLS,3992.0,7
288600,Rhianna,Vinnie,GIFT_BASKET,SEASHELLS,70909.0,6
288700,Remy,Vinnie,ROSES,SEASHELLS,14739.0,1
288800,Remy,Vinnie,STRAWBERRIES,SEASHELLS,3994.0,5
288900,Remy,Vinnie,CHOCOLATE,SEASHELLS,7998.0,5
289100,Vladimir,Rhianna,GIFT_BASKET,SEASHELLS,70895.0,4
289200,Remy,Vinnie,CHOCOLATE,SEASHELLS,7998.0,7
289700,Remy,Vinnie,ROSES,SEASHELLS,14732.0,3
289800,Vinnie,Vladimir,ROSES,SEASHELLS,14723.0,5
290000,Rhianna,Vinnie,GIFT_BASKET,SEASHELLS,70871.0,1
290000,Rhianna,Vladimir,GIFT_BASKET,SEASHELLS,70871.0,7
291500,Vinnie,Remy,ROSES,SEASHELLS,14725.0,5
291700,Vinnie,Vladimir,STRAWBERRIES,SEASHELLS,3988.0,12
292100,Vinnie,Remy,ROSES,SEASHELLS,14722.0,2
292500,Rhianna,Vladimir,GIFT_BASKET,SEASHELLS,70869.0,5
292500,Remy,Vinnie,ROSES,SEASHELLS,14727.0,3
292500,Rhianna,Vinnie,GIFT_BASKET,SEASHELLS,70869.0,1
293000,Vinnie,Remy,CHOCOLATE,SEASHELLS,7995.0,5
293500,Vinnie,Remy,STRAWBERRIES,SEASHELLS,3987.0,8
293600,Remy,Vinnie,ROSES,SEASHELLS,14735.0,3
294000,Remy,Vinnie,STRAWBERRIES,SEASHELLS,3989.0,5
294100,Remy,Vinnie,STRAWBERRIES,SEASHELLS,3989.0,7
294300,Remy,Vinnie,ROSES,SEASHELLS,14741.0,2
294400,Remy,Vinnie,STRAWBERRIES,SEASHELLS,3989.0,10
294600,Ruby,Vinnie,GIFT_BASKET,SEASHELLS,70906.0,1
295000,Vinnie,Vladimir,STRAWBERRIES,SEASHELLS,3988.0,3
295000,Remy,Vinnie,STRAWBERRIES,SEASHELLS,3989.0,6
295200,Remy,Vinnie,ROSES,SEASHELLS,14731.0,1
295400,Remy,Vinnie,ROSES,SEASHELLS,14733.0,2
295800,Vinnie,Remy,ROSES,SEASHELLS,14723.0,4
295800,Vinnie,Vladimir,CHOCOLATE,SEASHELLS,7992.0,8
295800,Remy,Vinnie,STRAWBERRIES,SEASHELLS,3989.0,9
295900,Vinnie,Remy,ROSES,SEASHELLS,14724.0,1
295900,Vinnie,Remy,STRAWBERRIES,SEASHELLS,3987.0,9
296000,Vinnie,Vladimir,STRAWBERRIES,SEASHELLS,3988.0,12
296300,Vinnie,Remy,ROSES,SEASHELLS,14732.0,4
296500,Vinnie,Remy,CHOCOLATE,SEASHELLS,7996.0,7
296600,Vinnie,Remy,ROSES,SEASHELLS,14733.0,2
297500,Vinnie,Remy,STRAWBERRIES,SEASHELLS,3987.0,8
297500,Vinnie,Remy,CHOCOLATE,SEASHELLS,8000.0,7
297900,Remy,Vinnie,STRAWBERRIES,SEASHELLS,3987.0,5
298100,Vinnie,Remy,CHOCOLATE,SEASHELLS,8004.0,6
298800,Vinnie,Remy,CHOCOLATE,SEASHELLS,8004.0,5
299300,Vinnie,Remy,STRAWBERRIES,SEASHELLS,3985.0,7
299400,Ruby,Vinnie,GIFT_BASKET,SEASHELLS,70915.0,1
300400,Vinnie,Remy,ROSES,SEASHELLS,14703.0,1
300500,Vinnie,Remy,CHOCOLATE,SEASHELLS,8009.0,8
300600,Vinnie,Vladimir,ROSES,SEASHELLS,14704.0,6
301000,Vinnie,Remy,CHOCOLATE,SEASHELLS,8012.0,7
301600,Rhianna,Vladimir,GIFT_BASKET,SEASHELLS,70901.0,7
301600,Vinnie,Vladimir,CHOCOLATE,SEASHELLS,8016.0,9
302100,Vinnie,Remy,ROSES,SEASHELLS,14696.0,2
302200,Ruby,Vinnie,GIFT_BASKET,SEASHELLS,70886.0,1
302300,Vinnie,Vladimir,STRAWBERRIES,SEASHELLS,3985.0,6
303000,Vinnie,Remy,STRAWBERRIES,SEASHELLS,3985.0,10
303000,Vinnie,Vladimir,STRAWBERRIES,SEASHELLS,3985.0,9
303000,Rhianna,Vinnie,GIFT_BASKET,SEASHELLS,70934.0,1
303000,Remy,Vinnie,CHOCOLATE,SEASHELLS,8017.0,6
303200,Remy,Vinnie,STRAWBERRIES,SEASHELLS,3986.0,7
303400,Vinnie,Remy,CHOCOLATE,SEASHELLS,8014.0,7
303700,Remy,Vinnie,STRAWBERRIES,SEASHELLS,3986.0,7
303800,Remy,Vinnie,ROSES,SEASHELLS,14707.0,3
304300,Vinnie,Vladimir,ROSES,SEASHELLS,14701.0,4
304300,Remy,Vinnie,ROSES,SEASHELLS,14702.0,2
304400,Vinnie,Remy,STRAWBERRIES,SEASHELLS,3984.0,5
304400,Remy,Vinnie,ROSES,SEASHELLS,14699.0,2
304800,Remy,Vinnie,CHOCOLATE,SEASHELLS,8011.0,8
305000,Vinnie,Vladimir,STRAWBERRIES,SEASHELLS,3984.0,8
305500,Vinnie,Remy,STRAWBERRIES,SEASHELLS,3984.0,8
305700,Remy,Vinnie,STRAWBERRIES,SEASHELLS,3985.0,6
306200,Vinnie,Remy,CHOCOLATE,SEASHELLS,8012.0,6
306500,Remy,Vinnie,STRAWBERRIES,SEASHELLS,3988.0,5
307000,Vinnie,Remy,CHOCOLATE,SEASHELLS,8013.0,5
307200,Vladimir,Ruby,GIFT_BASKET,SEASHELLS,70930.0,5
307300,Remy,Vinnie,ROSES,SEASHELLS,14720.0,5
308100,Remy,Vinnie,ROSES,SEASHELLS,14712.0,3
308700,Remy,Vinnie,CHOCOLATE,SEASHELLS,8023.0,7
309600,Remy,Vladimir,STRAWBERRIES,SEASHELLS,3988.0,7
309700,Vinnie,Remy,CHOCOLATE,SEASHELLS,8018.0,7
309900,Remy,Vinnie,STRAWBERRIES,SEASHELLS,3987.0,8
310300,Remy,Vinnie,ROSES,SEASHELLS,14728.0,5
310500,Remy,Vinnie,ROSES,SEASHELLS,14727.0,3
310700,Remy,Vinnie,ROSES,SEASHELLS,14731.0,2
311000,Vinnie,Remy,ROSES,SEASHELLS,14735.0,2
311100,Vinnie,Remy,CHOCOLATE,SEASHELLS,8018.0,8
311200,Vinnie,Remy,CHOCOLATE,SEASHELLS,8017.0,6
311400,Vinnie,Rhianna,GIFT_BASKET,SEASHELLS,70974.0,1
311400,Vladimir,Rhianna,GIFT_BASKET,SEASHELLS,70973.0,3
311400,Remy,Vinnie,CHOCOLATE,SEASHELLS,8017.0,5
312100,Remy,Vinnie,ROSES,SEASHELLS,14737.0,4
312200,Remy,Vinnie,CHOCOLATE,SEASHELLS,8018.0,5
312300,Remy,Vinnie,ROSES,SEASHELLS,14736.0,2
312400,Remy,Vinnie,ROSES,SEASHELLS,14732.0,5
312700,Vinnie,Rhianna,GIFT_BASKET,SEASHELLS,70987.0,5
312700,Vinnie,Rhianna,GIFT_BASKET,SEASHELLS,70982.0,1
312800,Remy,Vinnie,CHOCOLATE,SEASHELLS,8016.0,5
313500,Vinnie,Vladimir,STRAWBERRIES,SEASHELLS,3989.0,7
313700,Vinnie,Remy,CHOCOLATE,SEASHELLS,8013.0,5
314300,Vinnie,Remy,CHOCOLATE,SEASHELLS,8017.0,6
314500,Vinnie,Remy,ROSES,SEASHELLS,14739.0,2
314900,Vinnie,Remy,ROSES,SEASHELLS,14741.0,4
315200,Remy,Vinnie,STRAWBERRIES,SEASHELLS,3992.0,5
315300,Remy,Vinnie,CHOCOLATE,SEASHELLS,8023.0,6
315800,Remy,Vinnie,CHOCOLATE,SEASHELLS,8022.0,8
315900,Vinnie,Vladimir,CHOCOLATE,SEASHELLS,8023.0,9
316000,Remy,Vinnie,STRAWBERRIES,SEASHELLS,3993.0,4
316100,Vinnie,Remy,ROSES,SEASHELLS,14751.0,4
316200,Vinnie,Vladimir,STRAWBERRIES,SEASHELLS,3993.0,8
316600,Ruby,Vinnie,GIFT_BASKET,SEASHELLS,71118.0,2
316600,Vinnie,Remy,STRAWBERRIES,SEASHELLS,3993.0,4
316900,Vinnie,Remy,STRAWBERRIES,SEASHELLS,3992.0,6
317200,Remy,Vinnie,STRAWBERRIES,SEASHELLS,3994.0,10
317300,Vinnie,Remy,ROSES,SEASHELLS,14756.0,3
317500,Vinnie,Remy,STRAWBERRIES,SEASHELLS,3992.0,5
317600,Remy,Vinnie,CHOCOLATE,SEASHELLS,8029.0,8
317800,Vladimir,Rhianna,GIFT_BASKET,SEASHELLS,71141.0,1
317800,Vinnie,Rhianna,GIFT_BASKET,SEASHELLS,71142.0,1
317900,Vinnie,Vladimir,CHOCOLATE,SEASHELLS,8029.0,6
318100,Vinnie,Remy,STRAWBERRIES,SEASHELLS,3992.0,8
318200,Rhianna,Vladimir,GIFT_BASKET,SEASHELLS,71152.0,6
318300,Remy,Vinnie,ROSES,SEASHELLS,14757.0,2
318400,Vinnie,Vladimir,CHOCOLATE,SEASHELLS,8028.0,5
318400,Remy,Vinnie,STRAWBERRIES,SEASHELLS,3994.0,6
318400,Vinnie,Vladimir,STRAWBERRIES,SEASHELLS,3993.0,5
318500,Vinnie,Remy,STRAWBERRIES,SEASHELLS,3993.0,9
319100,Vinnie,Vladimir,CHOCOLATE,SEASHELLS,8024.0,9
319200,Remy,Vinnie,ROSES,SEASHELLS,14774.0,3
319200,Remy,Vinnie,STRAWBERRIES,SEASHELLS,3996.0,10
320000,Vinnie,Remy,STRAWBERRIES,SEASHELLS,3996.0,5
320100,Vinnie,Remy,CHOCOLATE,SEASHELLS,8020.0,6
320100,Vinnie,Ruby,GIFT_BASKET,SEASHELLS,71161.0,1
320200,Vinnie,Remy,STRAWBERRIES,SEASHELLS,3996.0,4
320300,Vinnie,Remy,CHOCOLATE,SEASHELLS,8021.0,5
320300,Vinnie,Remy,STRAWBERRIES,SEASHELLS,3996.0,7
320500,Remy,Vinnie,CHOCOLATE,SEASHELLS,8022.0,7
320600,Remy,Vinnie,CHOCOLATE,SEASHELLS,8023.0,8
320800,Vinnie,Remy,ROSES,SEASHELLS,14792.0,2
321500,Remy,Vinnie,CHOCOLATE,SEASHELLS,8020.0,8
321700,Remy,Vinnie,ROSES,SEASHELLS,14810.0,2
322200,Vinnie,Remy,ROSES,SEASHELLS,14811.0,5
322500,Vinnie,Remy,CHOCOLATE,SEASHELLS,8023.0,8
323000,Remy,Vinnie,CHOCOLATE,SEASHELLS,8028.0,6
323200,Remy,Vinnie,STRAWBERRIES,SEASHELLS,4001.0,8
323700,Remy,Vinnie,ROSES,SEASHELLS,14806.0,1
323800,Vinnie,Remy,ROSES,SEASHELLS,14805.0,2
324600,Vinnie,Vladimir,STRAWBERRIES,SEASHELLS,4000.0,7
324700,Remy,Vinnie,CHOCOLATE,SEASHELLS,8026.0,8
324900,Rhianna,Vladimir,GIFT_BASKET,SEASHELLS,71311.0,1
324900,Rhianna,Vinnie,GIFT_BASKET,SEASHELLS,71311.0,2
325200,Vinnie,Remy,STRAWBERRIES,SEASHELLS,4001.0,5
325700,Vinnie,Vladimir,STRAWBERRIES,SEASHELLS,4000.0,9
325700,Vinnie,Remy,ROSES,SEASHELLS,14799.0,3
326200,Vinnie,Remy,STRAWBERRIES,SEASHELLS,3999.0,9
326200,Vinnie,Vladimir,CHOCOLATE,SEASHELLS,8016.0,10
326300,Vinnie,Remy,ROSES,SEASHELLS,14792.0,5
326400,Vinnie,Remy,STRAWBERRIES,SEASHELLS,3999.0,10
326500,Vinnie,Remy,ROSES,SEASHELLS,14791.0,3
326500,Vinnie,Remy,STRAWBERRIES,SEASHELLS,4000.0,8
326900,Vinnie,Remy,ROSES,SEASHELLS,14791.0,3
327000,Vinnie,Vladimir,STRAWBERRIES,SEASHELLS,4000.0,11
327000,Ruby,Vladimir,GIFT_BASKET,SEASHELLS,71280.0,5
327100,Vinnie,Vladimir,CHOCOLATE,SEASHELLS,8020.0,7
327200,Vinnie,Remy,ROSES,SEASHELLS,14799.0,4
327400,Vinnie,Vladimir,STRAWBERRIES,SEASHELLS,3999.0,4
327800,Vinnie,Remy,STRAWBERRIES,SEASHELLS,3998.0,6
327900,Vinnie,Remy,CHOCOLATE,SEASHELLS,8022.0,6
328400,Remy,Vinnie,STRAWBERRIES,SEASHELLS,4001.0,9
328500,Remy,Vinnie,STRAWBERRIES,SEASHELLS,4001.0,10
328600,Vinnie,Remy,CHOCOLATE,SEASHELLS,8024.0,7
328600,Vinnie,Vladimir,ROSES,SEASHELLS,14793.0,9
328700,Remy,Vinnie,ROSES,SEASHELLS,14792.0,4
328900,Vinnie,Vladimir,CHOCOLATE,SEASHELLS,8022.0,8
329700,Remy,Vinnie,STRAWBERRIES,SEASHELLS,4002.0,7
329800,Vinnie,Remy,ROSES,SEASHELLS,14796.0,4
330100,Vinnie,Remy,STRAWBERRIES,SEASHELLS,4000.0,10
330600,Remy,Vinnie,ROSES,SEASHELLS,14788.0,4
330800,Vinnie,Remy,ROSES,SEASHELLS,14782.0,3
331100,Remy,Vinnie,ROSES,SEASHELLS,14779.0,3
331300,Vinnie,Remy,ROSES,SEASHELLS,14784.0,1
331300,Remy,Vinnie,CHOCOLATE,SEASHELLS,8024.0,8
331600,Remy,Vinnie,CHOCOLATE,SEASHELLS,8028.0,7
332300,Vinnie,Vladimir,STRAWBERRIES,SEASHELLS,4005.0,12
332800,Ruby,Vinnie,GIFT_BASKET,SEASHELLS,71321.0,2
332900,Vinnie,Vladimir,CHOCOLATE,SEASHELLS,8020.0,6
332900,Vladimir,Rhianna,GIFT_BASKET,SEASHELLS,71312.0,3
332900,Vinnie,Rhianna,GIFT_BASKET,SEASHELLS,71313.0,1
333000,Remy,Vinnie,ROSES,SEASHELLS,14780.0,3
333000,Vinnie,Vladimir,STRAWBERRIES,SEASHELLS,4006.0,9
333700,Remy,Vinnie,CHOCOLATE,SEASHELLS,8020.0,7
333700,Vinnie,Remy,STRAWBERRIES,SEASHELLS,4005.0,8
334000,Vinnie,Remy,CHOCOLATE,SEASHELLS,8018.0,6
334100,Remy,Vinnie,STRAWBERRIES,SEASHELLS,4006.0,4
334400,Remy,Vinnie,CHOCOLATE,SEASHELLS,8022.0,7
334500,Vinnie,Remy,ROSES,SEASHELLS,14778.0,2
334600,Remy,Vinnie,CHOCOLATE,SEASHELLS,8021.0,8
334900,Vinnie,Remy,STRAWBERRIES,SEASHELLS,4005.0,7
335400,Vinnie,Vladimir,ROSES,SEASHELLS,14779.0,7
335400,Remy,Vinnie,ROSES,SEASHELLS,14781.0,5
336000,Vinnie,Vladimir,ROSES,SEASHELLS,14781.0,6
336100,Vinnie,Vladimir,CHOCOLATE,SEASHELLS,8020.0,7
336300,Vinnie,Ruby,GIFT_BASKET,SEASHELLS,71314.0,2
336700,Remy,Vinnie,STRAWBERRIES,SEASHELLS,4007.0,8
338100,Remy,Vinnie,CHOCOLATE,SEASHELLS,8018.0,8
338200,Ruby,Vinnie,GIFT_BASKET,SEASHELLS,71275.0,2
338800,Vinnie,Remy,CHOCOLATE,SEASHELLS,8018.0,6
338900,Vinnie,Ruby,GIFT_BASKET,SEASHELLS,71257.0,2
339100,Vladimir,Rhianna,GIFT_BASKET,SEASHELLS,71251.0,2
339300,Remy,Vinnie,STRAWBERRIES,SEASHELLS,4011.0,4
339500,Remy,Vinnie,ROSES,SEASHELLS,14799.0,1
339500,Vinnie,Remy,STRAWBERRIES,SEASHELLS,4009.0,5
339700,Vladimir,Ruby,GIFT_BASKET,SEASHELLS,71290.0,7
339700,Vinnie,Remy,CHOCOLATE,SEASHELLS,8022.0,5
339700,Vinnie,Vladimir,STRAWBERRIES,SEASHELLS,4011.0,9
340000,Remy,Vladimir,CHOCOLATE,SEASHELLS,8022.0,4
340100,Vinnie,Remy,ROSES,SEASHELLS,14785.0,5
340400,Remy,Vinnie,CHOCOLATE,SEASHELLS,8021.0,7
341000,Vinnie,Remy,STRAWBERRIES,SEASHELLS,4010.0,6
341400,Vinnie,Remy,STRAWBERRIES,SEASHELLS,4011.0,8
341800,Remy,Vinnie,CHOCOLATE,SEASHELLS,8019.0,8
342000,Vinnie,Remy,ROSES,SEASHELLS,14788.0,5
342000,Vinnie,Remy,STRAWBERRIES,SEASHELLS,4011.0,7
342300,Vinnie,Vladimir,STRAWBERRIES,SEASHELLS,4011.0,6
342400,Vinnie,Vladimir,CHOCOLATE,SEASHELLS,8019.0,6
342900,Vinnie,Remy,STRAWBERRIES,SEASHELLS,4012.0,6
343300,Vinnie,Remy,ROSES,SEASHELLS,14781.0,5
343900,Vinnie,Remy,STRAWBERRIES,SEASHELLS,4013.0,4
344700,Remy,Vinnie,CHOCOLATE,SEASHELLS,8010.0,7
344800,Remy,Vinnie,CHOCOLATE,SEASHELLS,8009.0,7
345200,Rhianna,Vinnie,GIFT_BASKET,SEASHELLS,71250.0,2
345200,Rhianna,Vladimir,GIFT_BASKET,SEASHELLS,71250.0,3
345700,Remy,Vinnie,CHOCOLATE,SEASHELLS,8009.0,5
345800,Remy,Vinnie,CHOCOLATE,SEASHELLS,8008.0,8
346100,Remy,Vinnie,ROSES,SEASHELLS,14775.0,5
346200,Remy,Vinnie,STRAWBERRIES,SEASHELLS,4012.0,7
346200,Vinnie,Remy,CHOCOLATE,SEASHELLS,8004.0,5
346300,Remy,Vinnie,ROSES,SEASHELLS,14779.0,3
346600,Vinnie,Remy,ROSES,SEASHELLS,14780.0,3
346800,Vinnie,Vladimir,STRAWBERRIES,SEASHELLS,4010.0,5
346900,Remy,Vinnie,STRAWBERRIES,SEASHELLS,4012.0,4
347000,Vinnie,Remy,ROSES,SEASHELLS,14794.0,3
347300,Vinnie,Remy,STRAWBERRIES,SEASHELLS,4009.0,9
347400,Remy,Vinnie,STRAWBERRIES,SEASHELLS,4011.0,5
347600,Vinnie,Vladimir,STRAWBERRIES,SEASHELLS,4009.0,4
347900,Remy,Vinnie,ROSES,SEASHELLS,14791.0,5
347900,Vinnie,Remy,STRAWBERRIES,SEASHELLS,4009.0,6
348100,Vinnie,Remy,CHOCOLATE,SEASHELLS,8011.0,5
348700,Vinnie,Remy,ROSES,SEASHELLS,14788.0,5
349000,Rhianna,Vladimir,GIFT_BASKET,SEASHELLS,71308.0,6
349300,Remy,Vinnie,ROSES,SEASHELLS,14780.0,3
349400,Remy,Vinnie,STRAWBERRIES,SEASHELLS,4011.0,4
349900,Remy,Vinnie,STRAWBERRIES,SEASHELLS,4012.0,7
350100,Remy,Vinnie,CHOCOLATE,SEASHELLS,8011.0,8
350100,Remy,Vinnie,ROSES,SEASHELLS,14779.0,5
350300,Vinnie,Remy,CHOCOLATE,SEASHELLS,8010.0,5
350400,Vinnie,Remy,STRAWBERRIES,SEASHELLS,4010.0,6
351400,Vinnie,Remy,STRAWBERRIES,SEASHELLS,4012.0,6
352000,Vinnie,Remy,STRAWBERRIES,SEASHELLS,4013.0,8
352200,Vinnie,Remy,STRAWBERRIES,SEASHELLS,4014.0,10
352900,Vinnie,Remy,STRAWBERRIES,SEASHELLS,4013.0,5
352900,Vinnie,Vladimir,STRAWBERRIES,SEASHELLS,4013.0,10
353800,Rhianna,Vladimir,GIFT_BASKET,SEASHELLS,71239.0,3
353800,Rhianna,Vinnie,GIFT_BASKET,SEASHELLS,71239.0,2
354000,Vinnie,Remy,STRAWBERRIES,SEASHELLS,4013.0,4
354900,Vinnie,Vladimir,STRAWBERRIES,SEASHELLS,4013.0,11
355000,Remy,Vinnie,STRAWBERRIES,SEASHELLS,4014.0,9
355000,Vinnie,Remy,ROSES,SEASHELLS,14749.0,1
355400,Vinnie,Vladimir,STRAWBERRIES,SEASHELLS,4013.0,5
355500,Remy,Vinnie,STRAWBERRIES,SEASHELLS,4015.0,5
356100,Vinnie,Vladimir,STRAWBERRIES,SEASHELLS,4014.0,10
356200,Ruby,Vinnie,GIFT_BASKET,SEASHELLS,71166.0,2
357200,Vinnie,Remy,CHOCOLATE,SEASHELLS,8003.0,8
357300,Vinnie,Vladimir,ROSES,SEASHELLS,14748.0,9
357400,Vinnie,Remy,CHOCOLATE,SEASHELLS,8002.0,7
357400,Remy,Vinnie,ROSES,SEASHELLS,14749.0,5
357900,Vinnie,Remy,ROSES,SEASHELLS,14751.0,2
357900,Rhianna,Vinnie,GIFT_BASKET,SEASHELLS,71191.0,2
358600,Rhianna,Vinnie,GIFT_BASKET,SEASHELLS,71168.0,2
358600,Rhianna,Vladimir,GIFT_BASKET,SEASHELLS,71168.0,3
358600,Vinnie,Vladimir,STRAWBERRIES,SEASHELLS,4015.0,4
359000,Vinnie,Vladimir,STRAWBERRIES,SEASHELLS,4015.0,6
359300,Vladimir,Rhianna,GIFT_BASKET,SEASHELLS,71159.0,1
359300,Vinnie,Remy,ROSES,SEASHELLS,14750.0,4
359300,Vinnie,Rhianna,GIFT_BASKET,SEASHELLS,71165.0,4
359300,Vinnie,Vladimir,CHOCOLATE,SEASHELLS,7999.0,7
359600,Remy,Vinnie,ROSES,SEASHELLS,14759.0,4
359900,Vinnie,Vladimir,CHOCOLATE,SEASHELLS,8002.0,8
360000,Vinnie,Remy,CHOCOLATE,SEASHELLS,8003.0,7
360400,Remy,Vinnie,ROSES,SEASHELLS,14759.0,3
360500,Remy,Vinnie,CHOCOLATE,SEASHELLS,8006.0,7
360500,Vinnie,Rhianna,GIFT_BASKET,SEASHELLS,71177.0,1
360500,Vladimir,Rhianna,GIFT_BASKET,SEASHELLS,71177.0,3
360600,Vinnie,Remy,ROSES,SEASHELLS,14753.0,4
361100,Vinnie,Remy,STRAWBERRIES,SEASHELLS,4017.0,5
361400,Vinnie,Remy,STRAWBERRIES,SEASHELLS,4017.0,6
361500,Remy,Vinnie,STRAWBERRIES,SEASHELLS,4019.0,10
361600,Remy,Vinnie,ROSES,SEASHELLS,14742.0,2
361700,Vinnie,Remy,ROSES,SEASHELLS,14733.0,3
361800,Remy,Vinnie,ROSES,SEASHELLS,14734.0,2
361800,Vinnie,Remy,STRAWBERRIES,SEASHELLS,4017.0,6
361900,Vinnie,Remy,CHOCOLATE,SEASHELLS,8006.0,8
361900,Remy,Vinnie,ROSES,SEASHELLS,14729.0,1
362000,Vinnie,Remy,ROSES,SEASHELLS,14727.0,2
362200,Vinnie,Vladimir,STRAWBERRIES,SEASHELLS,4017.0,11
362500,Remy,Vinnie,CHOCOLATE,SEASHELLS,8006.0,7
362700,Vinnie,Remy,STRAWBERRIES,SEASHELLS,4017.0,7
363400,Rhianna,Vinnie,GIFT_BASKET,SEASHELLS,71160.0,1
363400,Rhianna,Vladimir,GIFT_BASKET,SEASHELLS,71160.0,3
363500,Vinnie,Remy,STRAWBERRIES,SEASHELLS,4017.0,4
364600,Vinnie,Remy,CHOCOLATE,SEASHELLS,8008.0,7
364600,Ruby,Vinnie,GIFT_BASKET,SEASHELLS,71175.0,2
364800,Vinnie,Vladimir,STRAWBERRIES,SEASHELLS,4015.0,5
365000,Vinnie,Remy,STRAWBERRIES,SEASHELLS,4015.0,8
365700,Vinnie,Rhianna,GIFT_BASKET,SEASHELLS,71169.0,4
365900,Vinnie,Remy,CHOCOLATE,SEASHELLS,8012.0,7
366100,Vinnie,Vladimir,CHOCOLATE,SEASHELLS,8011.0,5
366600,Vinnie,Vladimir,STRAWBERRIES,SEASHELLS,4016.0,9
366900,Vinnie,Remy,STRAWBERRIES,SEASHELLS,4016.0,8
367400,Vinnie,Vladimir,CHOCOLATE,SEASHELLS,8018.0,6
368200,Vinnie,Remy,CHOCOLATE,SEASHELLS,8022.0,5
368500,Remy,Vinnie,ROSES,SEASHELLS,14754.0,4
368600,Vinnie,Vladimir,CHOCOLATE,SEASHELLS,8024.0,7
368700,Remy,Vinnie,ROSES,SEASHELLS,14752.0,2
369000,Vinnie,Rhianna,GIFT_BASKET,SEASHELLS,71250.0,1
369000,Vinnie,Rhianna,GIFT_BASKET,SEASHELLS,71255.0,1
369300,Remy,Vinnie,ROSES,SEASHELLS,14748.0,3
369800,Vinnie,Vladimir,STRAWBERRIES,SEASHELLS,4016.0,8
370000,Remy,Vinnie,STRAWBERRIES,SEASHELLS,4018.0,7
370100,Vinnie,Remy,ROSES,SEASHELLS,14748.0,4
370200,Remy,Vinnie,STRAWBERRIES,SEASHELLS,4019.0,7
370300,Vinnie,Remy,STRAWBERRIES,SEASHELLS,4018.0,7
371100,Vinnie,Vladimir,STRAWBERRIES,SEASHELLS,4018.0,12
371300,Vinnie,Ruby,GIFT_BASKET,SEASHELLS,71324.0,1
371400,Vinnie,Remy,ROSES,SEASHELLS,14762.0,5
371600,Remy,Vinnie,ROSES,SEASHELLS,14773.0,4
372000,Remy,Vinnie,ROSES,SEASHELLS,14778.0,4
372100,Remy,Vinnie,ROSES,SEASHELLS,14777.0,5
372200,Remy,Vinnie,STRAWBERRIES,SEASHELLS,4020.0,8
372300,Vinnie,Remy,ROSES,SEASHELLS,14776.0,4
372400,Vinnie,Remy,ROSES,SEASHELLS,14773.0,3
373400,Vinnie,Remy,STRAWBERRIES,SEASHELLS,4018.0,4
373600,Remy,Vinnie,CHOCOLATE,SEASHELLS,8029.0,8
373800,Vinnie,Vladimir,STRAWBERRIES,SEASHELLS,4017.0,9
374200,Vinnie,Rhianna,GIFT_BASKET,SEASHELLS,71342.0,1
374200,Vladimir,Rhianna,GIFT_BASKET,SEASHELLS,71341.0,4
374400,Vinnie,Vladimir,STRAWBERRIES,SEASHELLS,4016.0,3
374500,Vinnie,Remy,STRAWBERRIES,SEASHELLS,4016.0,5
374700,Vinnie,Vladimir,STRAWBERRIES,SEASHELLS,4016.0,5
374800,Vinnie,Vladimir,CHOCOLATE,SEASHELLS,8028.0,4
374800,Vinnie,Remy,ROSES,SEASHELLS,14761.0,4
375000,Vinnie,Vladimir,STRAWBERRIES,SEASHELLS,4016.0,10
375100,Vinnie,Ruby,GIFT_BASKET,SEASHELLS,71331.0,5
375100,Vinnie,Remy,CHOCOLATE,SEASHELLS,8029.0,5
375400,Vinnie,Vladimir,STRAWBERRIES,SEASHELLS,4017.0,8
375600,Vinnie,Remy,ROSES,SEASHELLS,14751.0,5
375600,Remy,Vinnie,STRAWBERRIES,SEASHELLS,4019.0,7
376000,Vinnie,Remy,STRAWBERRIES,SEASHELLS,4017.0,8
376100,Remy,Vinnie,CHOCOLATE,SEASHELLS,8033.0,8
376700,Vinnie,Vladimir,ROSES,SEASHELLS,14745.0,6
376700,Remy,Vinnie,ROSES,SEASHELLS,14746.0,2
376800,Vinnie,Remy,STRAWBERRIES,SEASHELLS,4016.0,7
376800,Vinnie,Remy,ROSES,SEASHELLS,14743.0,1
376900,Vinnie,Remy,ROSES,SEASHELLS,14742.0,3
377500,Vinnie,Remy,CHOCOLATE,SEASHELLS,8021.0,7
377700,Remy,Vinnie,STRAWBERRIES,SEASHELLS,4016.0,7
377900,Vinnie,Remy,STRAWBERRIES,SEASHELLS,4016.0,5
378000,Vinnie,Remy,ROSES,SEASHELLS,14737.0,5
378200,Vinnie,Remy,STRAWBERRIES,SEASHELLS,4016.0,7
378300,Vinnie,Remy,CHOCOLATE,SEASHELLS,8021.0,7
378500,Vinnie,Remy,CHOCOLATE,SEASHELLS,8020.0,7
378600,Vinnie,Remy,STRAWBERRIES,SEASHELLS,4015.0,4
379100,Ruby,Vinnie,GIFT_BASKET,SEASHELLS,71186.0,1
380300,Vinnie,Remy,ROSES,SEASHELLS,14737.0,2
381300,Remy,Vinnie,STRAWBERRIES,SEASHELLS,4016.0,4
381900,Vinnie,Remy,ROSES,SEASHELLS,14737.0,4
382000,Remy,Vinnie,ROSES,SEASHELLS,14740.0,4
382100,Vinnie,Remy,CHOCOLATE,SEASHELLS,8019.0,8
382300,Vinnie,Remy,STRAWBERRIES,SEASHELLS,4014.0,4
382400,Remy,Vinnie,STRAWBERRIES,SEASHELLS,4015.0,9
382700,Vinnie,Vladimir,ROSES,SEASHELLS,14735.0,8
382900,Vinnie,Remy,STRAWBERRIES,SEASHELLS,4014.0,6
383900,Remy,Vinnie,CHOCOLATE,SEASHELLS,8022.0,5
384200,Ruby,Vladimir,GIFT_BASKET,SEASHELLS,71259.0,10
384300,Remy,Vinnie,ROSES,SEASHELLS,14752.0,4
384400,Remy,Vinnie,STRAWBERRIES,SEASHELLS,4016.0,6
385100,Vinnie,Vladimir,STRAWBERRIES,SEASHELLS,4015.0,3
385200,Vinnie,Vladimir,STRAWBERRIES,SEASHELLS,4015.0,4
385500,Vinnie,Vladimir,CHOCOLATE,SEASHELLS,8024.0,9
385700,Remy,Vinnie,CHOCOLATE,SEASHELLS,8024.0,8
385800,Vinnie,Remy,CHOCOLATE,SEASHELLS,8022.0,7
385900,Vinnie,Vladimir,STRAWBERRIES,SEASHELLS,4016.0,12
386800,Remy,Vinnie,ROSES,SEASHELLS,14743.0,1
387000,Vladimir,Rhianna,GIFT_BASKET,SEASHELLS,71236.0,4
387000,Vinnie,Rhianna,GIFT_BASKET,SEASHELLS,71237.0,2
387400,Remy,Vinnie,ROSES,SEASHELLS,14753.0,4
387500,Vinnie,Vladimir,ROSES,SEASHELLS,14751.0,3
387600,Vinnie,Vladimir,CHOCOLATE,SEASHELLS,8015.0,5
387900,Vinnie,Remy,CHOCOLATE,SEASHELLS,8016.0,7
387900,Remy,Vinnie,STRAWBERRIES,SEASHELLS,4015.0,8
388300,Vinnie,Vladimir,STRAWBERRIES,SEASHELLS,4014.0,10
389200,Vinnie,Vladimir,CHOCOLATE,SEASHELLS,8019.0,7
389400,Vinnie,Remy,STRAWBERRIES,SEASHELLS,4014.0,5
389900,Vinnie,Remy,ROSES,SEASHELLS,14758.0,2
390000,Remy,Vinnie,CHOCOLATE,SEASHELLS,8020.0,7
390200,Vinnie,Vladimir,CHOCOLATE,SEASHELLS,8018.0,6
390700,Vinnie,Remy,STRAWBERRIES,SEASHELLS,4017.0,9
390800,Vinnie,Remy,ROSES,SEASHELLS,14758.0,1
391100,Remy,Vinnie,STRAWBERRIES,SEASHELLS,4018.0,4
391300,Vinnie,Rhianna,GIFT_BASKET,SEASHELLS,71276.0,8
391300,Vinnie,Vladimir,STRAWBERRIES,SEASHELLS,4017.0,3
391300,Remy,Vinnie,STRAWBERRIES,SEASHELLS,4018.0,9
391400,Vinnie,Remy,ROSES,SEASHELLS,14756.0,1
391700,Vinnie,Ruby,GIFT_BASKET,SEASHELLS,71266.0,2
392400,Vinnie,Vladimir,STRAWBERRIES,SEASHELLS,4016.0,3
392800,Remy,Vinnie,ROSES,SEASHELLS,14754.0,1
392900,Vinnie,Remy,ROSES,SEASHELLS,14756.0,2
393300,Remy,Vinnie,CHOCOLATE,SEASHELLS,8022.0,8
394500,Vinnie,Remy,ROSES,SEASHELLS,14752.0,2
394500,Vinnie,Vladimir,STRAWBERRIES,SEASHELLS,4017.0,8
394600,Vinnie,Remy,STRAWBERRIES,SEASHELLS,4016.0,6
395100,Vinnie,Remy,STRAWBERRIES,SEASHELLS,4015.0,7
395200,Vinnie,Remy,ROSES,SEASHELLS,14754.0,2
395300,Vinnie,Remy,CHOCOLATE,SEASHELLS,8020.0,8
395500,Vinnie,Vladimir,CHOCOLATE,SEASHELLS,8018.0,8
395600,Remy,Vinnie,STRAWBERRIES,SEASHELLS,4016.0,10
396500,Vinnie,Remy,ROSES,SEASHELLS,14744.0,5
396600,Remy,Vinnie,CHOCOLATE,SEASHELLS,8019.0,7
396600,Remy,Vinnie,ROSES,SEASHELLS,14746.0,3
396700,Vladimir,Rhianna,GIFT_BASKET,SEASHELLS,71200.0,4
396700,Remy,Vinnie,ROSES,SEASHELLS,14749.0,3
396800,Remy,Vinnie,STRAWBERRIES,SEASHELLS,4015.0,8
396900,Vinnie,Vladimir,STRAWBERRIES,SEASHELLS,4014.0,11
397000,Vinnie,Remy,ROSES,SEASHELLS,14746.0,2
397000,Vinnie,Remy,STRAWBERRIES,SEASHELLS,4014.0,7
397500,Remy,Vinnie,STRAWBERRIES,SEASHELLS,4016.0,9
398400,Vladimir,Vinnie,GIFT_BASKET,SEASHELLS,71204.0,1
398700,Vinnie,Rhianna,GIFT_BASKET,SEASHELLS,71208.0,2
398900,Vinnie,Vladimir,ROSES,SEASHELLS,14755.0,6
399100,Vinnie,Remy,STRAWBERRIES,SEASHELLS,4015.0,5
399600,Vinnie,Vladimir,ROSES,SEASHELLS,14761.0,8
399800,Vinnie,Vladimir,CHOCOLATE,SEASHELLS,8009.0,6
399800,Vinnie,Vladimir,ROSES,SEASHELLS,14758.0,7
400100,Remy,Vinnie,CHOCOLATE,SEASHELLS,8013.0,7
400300,Rhianna,Vladimir,GIFT_BASKET,SEASHELLS,71183.0,4
400500,Vinnie,Vladimir,ROSES,SEASHELLS,14761.0,6
400700,Ruby,Vinnie,GIFT_BASKET,SEASHELLS,71220.0,2
400900,Remy,Vinnie,ROSES,SEASHELLS,14755.0,3
401700,Vinnie,Vladimir,STRAWBERRIES,SEASHELLS,4013.0,4
401800,Remy,Vinnie,STRAWBERRIES,SEASHELLS,4014.0,8
401900,Remy,Vinnie,STRAWBERRIES,SEASHELLS,4014.0,8
402200,Remy,Vinnie,ROSES,SEASHELLS,14740.0,3
402500,Remy,Vinnie,STRAWBERRIES,SEASHELLS,4013.0,4
402800,Remy,Vinnie,CHOCOLATE,SEASHELLS,8026.0,5
403000,Vinnie,Vladimir,CHOCOLATE,SEASHELLS,8025.0,4
403600,Vinnie,Remy,STRAWBERRIES,SEASHELLS,4011.0,8
403900,Remy,Vinnie,CHOCOLATE,SEASHELLS,8025.0,8
405000,Vinnie,Remy,ROSES,SEASHELLS,14746.0,4
405100,Vinnie,Remy,STRAWBERRIES,SEASHELLS,4012.0,4
405300,Vladimir,Rhianna,GIFT_BASKET,SEASHELLS,71121.0,2
405400,Vinnie,Vladimir,CHOCOLATE,SEASHELLS,8017.0,6
405900,Vinnie,Vladimir,CHOCOLATE,SEASHELLS,8015.0,9
406200,Vinnie,Remy,CHOCOLATE,SEASHELLS,8017.0,6
406500,Remy,Vinnie,CHOCOLATE,SEASHELLS,8019.0,6
407000,Remy,Vinnie,ROSES,SEASHELLS,14767.0,5
407100,Vinnie,Remy,ROSES,SEASHELLS,14766.0,3
407300,Vinnie,Remy,CHOCOLATE,SEASHELLS,8011.0,8
407400,Vinnie,Vladimir,CHOCOLATE,SEASHELLS,8011.0,6
407500,Remy,Vinnie,CHOCOLATE,SEASHELLS,8011.0,7
408300,Vinnie,Remy,ROSES,SEASHELLS,14760.0,3
408400,Vinnie,Remy,CHOCOLATE,SEASHELLS,8010.0,7
408700,Vinnie,Vladimir,CHOCOLATE,SEASHELLS,8009.0,10
408800,Vinnie,Remy,STRAWBERRIES,SEASHELLS,4015.0,10
409100,Vinnie,Remy,CHOCOLATE,SEASHELLS,8008.0,7
409400,Remy,Vinnie,STRAWBERRIES,SEASHELLS,4018.0,7
409400,Vinnie,Remy,CHOCOLATE,SEASHELLS,8008.0,5
409500,Vinnie,Vladimir,STRAWBERRIES,SEASHELLS,4017.0,8
409800,Vinnie,Remy,STRAWBERRIES,SEASHELLS,4017.0,4
409900,Rhianna,Vladimir,GIFT_BASKET,SEASHELLS,71113.0,5
409900,Rhianna,Vinnie,GIFT_BASKET,SEASHELLS,71113.0,2
410100,Ruby,Vinnie,GIFT_BASKET,SEASHELLS,71109.0,2
410600,Remy,Vinnie,ROSES,SEASHELLS,14787.0,5
411700,Remy,Vinnie,STRAWBERRIES,SEASHELLS,4017.0,9
411800,Vinnie,Remy,STRAWBERRIES,SEASHELLS,4015.0,8
411900,Vinnie,Remy,CHOCOLATE,SEASHELLS,8006.0,6
411900,Vinnie,Remy,ROSES,SEASHELLS,14794.0,1
412000,Rhianna,Vinnie,GIFT_BASKET,SEASHELLS,71075.0,2
412000,Rhianna,Vinnie,GIFT_BASKET,SEASHELLS,71081.0,1
412300,Vinnie,Vladimir,ROSES,SEASHELLS,14798.0,9
412300,Remy,Vinnie,STRAWBERRIES,SEASHELLS,4017.0,9
412500,Vinnie,Remy,STRAWBERRIES,SEASHELLS,4014.0,9
412900,Vinnie,Vladimir,ROSES,SEASHELLS,14803.0,7
412900,Vinnie,Rhianna,GIFT_BASKET,SEASHELLS,71084.0,2
413000,Vinnie,Remy,ROSES,SEASHELLS,14805.0,2
413400,Vinnie,Remy,CHOCOLATE,SEASHELLS,8008.0,8
413800,Vinnie,Remy,ROSES,SEASHELLS,14812.0,4
413900,Vinnie,Remy,ROSES,SEASHELLS,14813.0,4
414900,Vinnie,Vladimir,CHOCOLATE,SEASHELLS,8010.0,6
414900,Vinnie,Remy,ROSES,SEASHELLS,14818.0,1
415000,Remy,Vinnie,STRAWBERRIES,SEASHELLS,4014.0,4
415000,Vinnie,Rhianna,GIFT_BASKET,SEASHELLS,71083.0,1
415000,Vladimir,Rhianna,GIFT_BASKET,SEASHELLS,71082.0,7
415100,Remy,Vinnie,ROSES,SEASHELLS,14818.0,2
415600,Remy,Vinnie,ROSES,SEASHELLS,14819.0,1
415700,Remy,Vinnie,CHOCOLATE,SEASHELLS,8009.0,6
415800,Remy,Vinnie,CHOCOLATE,SEASHELLS,8010.0,8
415900,Vinnie,Remy,ROSES,SEASHELLS,14803.0,1
416100,Vinnie,Rhianna,GIFT_BASKET,SEASHELLS,71092.0,7
416100,Vladimir,Rhianna,GIFT_BASKET,SEASHELLS,71086.0,1
416200,Vinnie,Remy,CHOCOLATE,SEASHELLS,8009.0,7
416400,Remy,Vinnie,ROSES,SEASHELLS,14804.0,5
417600,Remy,Vinnie,ROSES,SEASHELLS,14803.0,3
417800,Vinnie,Remy,STRAWBERRIES,SEASHELLS,4010.0,4
418200,Vinnie,Remy,STRAWBERRIES,SEASHELLS,4010.0,9
419400,Remy,Vinnie,STRAWBERRIES,SEASHELLS,4013.0,8
419400,Remy,Vinnie,ROSES,SEASHELLS,14823.0,2
419600,Remy,Vinnie,STRAWBERRIES,SEASHELLS,4013.0,9
419700,Vinnie,Remy,CHOCOLATE,SEASHELLS,8027.0,6
420000,Remy,Vinnie,ROSES,SEASHELLS,14816.0,5
420100,Remy,Vinnie,ROSES,SEASHELLS,14813.0,4
420300,Vinnie,Vladimir,STRAWBERRIES,SEASHELLS,4012.0,8
420300,Vinnie,Remy,CHOCOLATE,SEASHELLS,8028.0,5
420500,Vinnie,Remy,CHOCOLATE,SEASHELLS,8028.0,7
420700,Vinnie,Vladimir,CHOCOLATE,SEASHELLS,8025.0,5
420800,Vinnie,Vladimir,STRAWBERRIES,SEASHELLS,4012.0,6
421400,Remy,Vinnie,ROSES,SEASHELLS,14802.0,4
421800,Vinnie,Remy,ROSES,SEASHELLS,14803.0,3
422000,Ruby,Vladimir,GIFT_BASKET,SEASHELLS,71220.0,8
422000,Remy,Vinnie,CHOCOLATE,SEASHELLS,8031.0,7
422300,Vinnie,Vladimir,STRAWBERRIES,SEASHELLS,4012.0,5
422400,Ruby,Vinnie,GIFT_BASKET,SEASHELLS,71218.0,2
422500,Vinnie,Remy,CHOCOLATE,SEASHELLS,8033.0,8
422800,Vinnie,Vladimir,STRAWBERRIES,SEASHELLS,4011.0,9
423600,Vinnie,Remy,STRAWBERRIES,SEASHELLS,4011.0,4
423600,Vinnie,Remy,ROSES,SEASHELLS,14781.0,5
423800,Vinnie,Vladimir,STRAWBERRIES,SEASHELLS,4011.0,3
423900,Vinnie,Remy,CHOCOLATE,SEASHELLS,8035.0,7
424100,Vinnie,Remy,CHOCOLATE,SEASHELLS,8034.0,7
424400,Remy,Vinnie,STRAWBERRIES,SEASHELLS,4013.0,8
424500,Remy,Vinnie,ROSES,SEASHELLS,14775.0,1
424500,Vinnie,Remy,CHOCOLATE,SEASHELLS,8036.0,5
425100,Vinnie,Remy,STRAWBERRIES,SEASHELLS,4012.0,7
426200,Vinnie,Remy,CHOCOLATE,SEASHELLS,8031.0,8
426300,Vinnie,Remy,ROSES,SEASHELLS,14753.0,1
426300,Vinnie,Vladimir,CHOCOLATE,SEASHELLS,8031.0,7
426900,Vinnie,Vladimir,STRAWBERRIES,SEASHELLS,4014.0,4
427100,Rhianna,Vinnie,GIFT_BASKET,SEASHELLS,71183.0,1
427100,Rhianna,Vinnie,GIFT_BASKET,SEASHELLS,71177.0,6
427200,Vinnie,Vladimir,CHOCOLATE,SEASHELLS,8028.0,7
427700,Vinnie,Remy,ROSES,SEASHELLS,14753.0,1
427900,Remy,Vinnie,STRAWBERRIES,SEASHELLS,4016.0,4
428100,Vinnie,Vladimir,CHOCOLATE,SEASHELLS,8031.0,10
428200,Remy,Vinnie,CHOCOLATE,SEASHELLS,8031.0,8
429200,Remy,Vinnie,ROSES,SEASHELLS,14738.0,2
429600,Vinnie,Remy,STRAWBERRIES,SEASHELLS,4014.0,9
430000,Remy,Vinnie,ROSES,SEASHELLS,14729.0,5
430100,Remy,Vinnie,ROSES,SEASHELLS,14731.0,3
430200,Vinnie,Remy,STRAWBERRIES,SEASHELLS,4014.0,4
430300,Vinnie,Remy,ROSES,SEASHELLS,14731.0,1
430500,Vinnie,Remy,CHOCOLATE,SEASHELLS,8028.0,5
430900,Remy,Vinnie,ROSES,SEASHELLS,14734.0,4
431000,Vinnie,Remy,ROSES,SEASHELLS,14736.0,4
431100,Vinnie,Remy,ROSES,SEASHELLS,14738.0,2
431200,Vinnie,Vladimir,STRAWBERRIES,SEASHELLS,4015.0,5
431200,Remy,Vinnie,ROSES,SEASHELLS,14738.0,5
431500,Vinnie,Vladimir,CHOCOLATE,SEASHELLS,8033.0,8
432600,Vinnie,Remy,CHOCOLATE,SEASHELLS,8035.0,5
432700,Remy,Vinnie,ROSES,SEASHELLS,14744.0,4
433600,Vinnie,Vladimir,CHOCOLATE,SEASHELLS,8038.0,6
433600,Vinnie,Remy,STRAWBERRIES,SEASHELLS,4015.0,8
434000,Vinnie,Vladimir,ROSES,SEASHELLS,14733.0,8
434500,Vinnie,Remy,ROSES,SEASHELLS,14726.0,3
434900,Vinnie,Remy,ROSES,SEASHELLS,14720.0,5
434900,Rhianna,Vinnie,GIFT_BASKET,SEASHELLS,71223.0,2
434900,Remy,Vinnie,CHOCOLATE,SEASHELLS,8041.0,6
435400,Vinnie,Remy,ROSES,SEASHELLS,14724.0,5
435500,Ruby,Vinnie,GIFT_BASKET,SEASHELLS,71245.0,2
435700,Remy,Vinnie,ROSES,SEASHELLS,14726.0,5
435900,Vinnie,Remy,STRAWBERRIES,SEASHELLS,4018.0,5
436500,Vinnie,Remy,STRAWBERRIES,SEASHELLS,4017.0,9
436700,Remy,Vinnie,ROSES,SEASHELLS,14730.0,2
437700,Vinnie,Remy,ROSES,SEASHELLS,14715.0,5
437800,Vinnie,Remy,ROSES,SEASHELLS,14717.0,5
437800,Vladimir,Rhianna,GIFT_BASKET,SEASHELLS,71238.0,3
437900,Vinnie,Vladimir,STRAWBERRIES,SEASHELLS,4018.0,11
438200,Ruby,Vinnie,GIFT_BASKET,SEASHELLS,71275.0,2
438500,Vinnie,Vladimir,ROSES,SEASHELLS,14722.0,10
438900,Vinnie,Remy,ROSES,SEASHELLS,14731.0,2
439200,Vinnie,Remy,CHOCOLATE,SEASHELLS,8043.0,7
439300,Remy,Vinnie,ROSES,SEASHELLS,14726.0,5
439400,Remy,Vinnie,ROSES,SEASHELLS,14727.0,3
439400,Vinnie,Vladimir,STRAWBERRIES,SEASHELLS,4017.0,6
439400,Vinnie,Vladimir,ROSES,SEASHELLS,14725.0,10
439400,Remy,Vinnie,STRAWBERRIES,SEASHELLS,4018.0,7
440200,Vinnie,Remy,CHOCOLATE,SEASHELLS,8043.0,8
440600,Vinnie,Vladimir,ROSES,SEASHELLS,14719.0,8
440600,Vinnie,Rhianna,GIFT_BASKET,SEASHELLS,71267.0,2
440600,Vladimir,Rhianna,GIFT_BASKET,SEASHELLS,71266.0,2
441100,Remy,Vinnie,STRAWBERRIES,SEASHELLS,4017.0,4
441200,Remy,Vinnie,ROSES,SEASHELLS,14719.0,1
441300,Vladimir,Rhianna,GIFT_BASKET,SEASHELLS,71288.0,6
441700,Vinnie,Remy,CHOCOLATE,SEASHELLS,8041.0,5
441700,Vinnie,Remy,STRAWBERRIES,SEASHELLS,4017.0,9
442200,Remy,Vinnie,STRAWBERRIES,SEASHELLS,4017.0,5
442300,Vinnie,Remy,CHOCOLATE,SEASHELLS,8041.0,6
442400,Vinnie,Vladimir,STRAWBERRIES,SEASHELLS,4015.0,10
442500,Remy,Vinnie,ROSES,SEASHELLS,14714.0,3
442500,Vinnie,Ruby,GIFT_BASKET,SEASHELLS,71256.0,1
443000,Vinnie,Remy,CHOCOLATE,SEASHELLS,8037.0,7
443100,Vladimir,Rhianna,GIFT_BASKET,SEASHELLS,71246.0,6
443100,Vinnie,Rhianna,GIFT_BASKET,SEASHELLS,71247.0,1
443700,Remy,Vinnie,ROSES,SEASHELLS,14723.0,2
444100,Vinnie,Vladimir,STRAWBERRIES,SEASHELLS,4014.0,8
444300,Vinnie,Vladimir,CHOCOLATE,SEASHELLS,8039.0,9
444400,Vinnie,Vladimir,STRAWBERRIES,SEASHELLS,4014.0,8
444600,Remy,Vinnie,ROSES,SEASHELLS,14734.0,2
446000,Vinnie,Remy,ROSES,SEASHELLS,14726.0,1
446200,Vinnie,Vladimir,STRAWBERRIES,SEASHELLS,4015.0,5
446300,Remy,Vinnie,ROSES,SEASHELLS,14720.0,1
446600,Remy,Vinnie,CHOCOLATE,SEASHELLS,8056.0,8
446700,Vladimir,Rhianna,GIFT_BASKET,SEASHELLS,71260.0,2
446700,Vinnie,Rhianna,GIFT_BASKET,SEASHELLS,71260.0,1
446800,Remy,Vladimir,STRAWBERRIES,SEASHELLS,4015.0,6
447200,Vinnie,Remy,CHOCOLATE,SEASHELLS,8058.0,6
447300,Vinnie,Remy,CHOCOLATE,SEASHELLS,8055.0,6
447700,Remy,Vinnie,ROSES,SEASHELLS,14719.0,4
447800,Vinnie,Vladimir,STRAWBERRIES,SEASHELLS,4016.0,12
447800,Vinnie,Remy,CHOCOLATE,SEASHELLS,8058.0,7
447800,Vinnie,Remy,ROSES,SEASHELLS,14713.0,1
448000,Vladimir,Rhianna,GIFT_BASKET,SEASHELLS,71253.0,2
448000,Vinnie,Rhianna,GIFT_BASKET,SEASHELLS,71254.0,1
448200,Remy,Vinnie,STRAWBERRIES,SEASHELLS,4018.0,10
448300,Remy,Vinnie,CHOCOLATE,SEASHELLS,8061.0,8
448500,Vinnie,Remy,STRAWBERRIES,SEASHELLS,4016.0,10
448800,Vinnie,Remy,STRAWBERRIES,SEASHELLS,4017.0,4
448800,Remy,Vinnie,CHOCOLATE,SEASHELLS,8059.0,5
448800,Remy,Vinnie,ROSES,SEASHELLS,14709.0,2
449100,Vinnie,Remy,ROSES,SEASHELLS,14702.0,1
449900,Remy,Vinnie,CHOCOLATE,SEASHELLS,8054.0,8
450400,Vinnie,Remy,CHOCOLATE,SEASHELLS,8053.0,8
450500,Remy,Vinnie,STRAWBERRIES,SEASHELLS,4020.0,5
450500,Remy,Vinnie,CHOCOLATE,SEASHELLS,8054.0,8
450600,Vinnie,Vladimir,STRAWBERRIES,SEASHELLS,4019.0,12
450800,Vinnie,Ruby,GIFT_BASKET,SEASHELLS,71228.0,2
450900,Vinnie,Vladimir,STRAWBERRIES,SEASHELLS,4019.0,8
451000,Vinnie,Remy,STRAWBERRIES,SEASHELLS,4019.0,5
451200,Vinnie,Remy,STRAWBERRIES,SEASHELLS,4020.0,6
451300,Remy,Vinnie,CHOCOLATE,SEASHELLS,8053.0,8
451800,Remy,Vinnie,STRAWBERRIES,SEASHELLS,4021.0,10
451900,Remy,Vinnie,ROSES,SEASHELLS,14704.0,3
452000,Vinnie,Vladimir,STRAWBERRIES,SEASHELLS,4021.0,4
452000,Remy,Vinnie,ROSES,SEASHELLS,14711.0,5
452000,Remy,Vinnie,CHOCOLATE,SEASHELLS,8054.0,5
452100,Vinnie,Remy,ROSES,SEASHELLS,14710.0,3
452200,Remy,Vinnie,ROSES,SEASHELLS,14712.0,1
452300,Vladimir,Rhianna,GIFT_BASKET,SEASHELLS,71257.0,6
452600,Vinnie,Remy,CHOCOLATE,SEASHELLS,8054.0,5
452700,Vinnie,Rhianna,GIFT_BASKET,SEASHELLS,71269.0,1
452900,Vinnie,Remy,CHOCOLATE,SEASHELLS,8057.0,7
452900,Vinnie,Vladimir,STRAWBERRIES,SEASHELLS,4021.0,5
453100,Remy,Vinnie,ROSES,SEASHELLS,14706.0,4
453200,Vinnie,Vladimir,CHOCOLATE,SEASHELLS,8054.0,5
453800,Remy,Vinnie,STRAWBERRIES,SEASHELLS,4023.0,10
454000,Vinnie,Vladimir,STRAWBERRIES,SEASHELLS,4022.0,9
454200,Remy,Vinnie,STRAWBERRIES,SEASHELLS,4023.0,8
454300,Vinnie,Remy,CHOCOLATE,SEASHELLS,8049.0,7
454400,Rhianna,Vinnie,GIFT_BASKET,SEASHELLS,71271.0,1
454600,Vinnie,Remy,STRAWBERRIES,SEASHELLS,4021.0,5
454600,Vinnie,Vladimir,CHOCOLATE,SEASHELLS,8047.0,4
455700,Vinnie,Remy,ROSES,SEASHELLS,14694.0,5
456200,Remy,Vinnie,CHOCOLATE,SEASHELLS,8045.0,8
456700,Vinnie,Remy,CHOCOLATE,SEASHELLS,8048.0,8
456900,Vinnie,Remy,CHOCOLATE,SEASHELLS,8047.0,8
457000,Vinnie,Rhianna,GIFT_BASKET,SEASHELLS,71267.0,2
457000,Vladimir,Rhianna,GIFT_BASKET,SEASHELLS,71266.0,5
457300,Rhianna,Vinnie,GIFT_BASKET,SEASHELLS,71259.0,1
457500,Remy,Vinnie,ROSES,SEASHELLS,14699.0,1
458000,Vinnie,Remy,CHOCOLATE,SEASHELLS,8040.0,7
458100,Vinnie,Vladimir,STRAWBERRIES,SEASHELLS,4025.0,4
458300,Vinnie,Vladimir,ROSES,SEASHELLS,14695.0,9
458600,Vinnie,Remy,ROSES,SEASHELLS,14701.0,2
458800,Remy,Vinnie,STRAWBERRIES,SEASHELLS,4027.0,6
459200,Vinnie,Vladimir,STRAWBERRIES,SEASHELLS,4027.0,11
459400,Vinnie,Remy,ROSES,SEASHELLS,14691.0,2
459900,Vinnie,Remy,CHOCOLATE,SEASHELLS,8038.0,5
460000,Remy,Vinnie,CHOCOLATE,SEASHELLS,8039.0,6
460500,Vinnie,Vladimir,CHOCOLATE,SEASHELLS,8037.0,7
460500,Remy,Vinnie,ROSES,SEASHELLS,14670.0,1
460800,Vinnie,Remy,CHOCOLATE,SEASHELLS,8034.0,8
461100,Remy,Vinnie,STRAWBERRIES,SEASHELLS,4030.0,10
461100,Remy,Vinnie,ROSES,SEASHELLS,14677.0,5
461300,Remy,Vinnie,STRAWBERRIES,SEASHELLS,4030.0,5
461300,Vinnie,Vladimir,STRAWBERRIES,SEASHELLS,4029.0,6
461500,Vinnie,Remy,CHOCOLATE,SEASHELLS,8038.0,5
461800,Vinnie,Remy,CHOCOLATE,SEASHELLS,8035.0,8
462000,Vinnie,Vladimir,CHOCOLATE,SEASHELLS,8035.0,9
462100,Vinnie,Vladimir,STRAWBERRIES,SEASHELLS,4028.0,12
462500,Remy,Vinnie,CHOCOLATE,SEASHELLS,8037.0,5
462700,Remy,Vinnie,ROSES,SEASHELLS,14686.0,1
462900,Remy,Vinnie,ROSES,SEASHELLS,14684.0,1
463300,Vinnie,Vladimir,STRAWBERRIES,SEASHELLS,4026.0,11
464000,Vinnie,Remy,ROSES,SEASHELLS,14667.0,1
464000,Remy,Vinnie,CHOCOLATE,SEASHELLS,8032.0,5
464200,Remy,Vinnie,ROSES,SEASHELLS,14661.0,1
464200,Vinnie,Vladimir,CHOCOLATE,SEASHELLS,8033.0,4
464600,Remy,Vinnie,STRAWBERRIES,SEASHELLS,4026.0,10
464800,Vladimir,Rhianna,GIFT_BASKET,SEASHELLS,71194.0,4
464900,Vinnie,Remy,STRAWBERRIES,SEASHELLS,4023.0,4
465000,Remy,Vinnie,CHOCOLATE,SEASHELLS,8026.0,7
465200,Remy,Vinnie,CHOCOLATE,SEASHELLS,8026.0,5
465500,Vinnie,Remy,ROSES,SEASHELLS,14664.0,5
465600,Remy,Vinnie,ROSES,SEASHELLS,14665.0,5
465900,Vinnie,Ruby,GIFT_BASKET,SEASHELLS,71192.0,2
466100,Vinnie,Remy,CHOCOLATE,SEASHELLS,8028.0,7
466200,Vinnie,Remy,CHOCOLATE,SEASHELLS,8029.0,5
466200,Vinnie,Remy,ROSES,SEASHELLS,14680.0,3
466300,Vinnie,Vladimir,STRAWBERRIES,SEASHELLS,4025.0,10
468000,Remy,Vinnie,ROSES,SEASHELLS,14666.0,1
468100,Vinnie,Remy,ROSES,SEASHELLS,14668.0,3
468300,Vinnie,Remy,ROSES,SEASHELLS,14671.0,1
468400,Remy,Vinnie,CHOCOLATE,SEASHELLS,8031.0,8
468700,Vladimir,Ruby,GIFT_BASKET,SEASHELLS,71214.0,5
468800,Remy,Vinnie,STRAWBERRIES,SEASHELLS,4027.0,10
469200,Remy,Vinnie,ROSES,SEASHELLS,14677.0,5
469400,Remy,Vinnie,ROSES,SEASHELLS,14682.0,1
469500,Remy,Vinnie,STRAWBERRIES,SEASHELLS,4027.0,6
469900,Remy,Vinnie,ROSES,SEASHELLS,14686.0,1
470100,Vinnie,Remy,ROSES,SEASHELLS,14682.0,5
470300,Remy,Vinnie,STRAWBERRIES,SEASHELLS,4026.0,10
470400,Vinnie,Vladimir,STRAWBERRIES,SEASHELLS,4024.0,5
470500,Remy,Vinnie,STRAWBERRIES,SEASHELLS,4025.0,8
470900,Remy,Vinnie,STRAWBERRIES,SEASHELLS,4025.0,10
471000,Vinnie,Remy,CHOCOLATE,SEASHELLS,8028.0,7
471000,Rhianna,Vinnie,GIFT_BASKET,SEASHELLS,71194.0,1
471400,Vinnie,Remy,CHOCOLATE,SEASHELLS,8030.0,5
471700,Remy,Vinnie,ROSES,SEASHELLS,14661.0,3
472000,Remy,Vinnie,CHOCOLATE,SEASHELLS,8033.0,6
472000,Remy,Vinnie,STRAWBERRIES,SEASHELLS,4025.0,5
472200,Vinnie,Remy,STRAWBERRIES,SEASHELLS,4025.0,4
472700,Remy,Vinnie,CHOCOLATE,SEASHELLS,8031.0,8
472700,Remy,Vinnie,ROSES,SEASHELLS,14648.0,2
473900,Remy,Vinnie,STRAWBERRIES,SEASHELLS,4028.0,9
474300,Vinnie,Remy,CHOCOLATE,SEASHELLS,8029.0,5
474500,Remy,Vinnie,ROSES,SEASHELLS,14630.0,4
474500,Vinnie,Remy,CHOCOLATE,SEASHELLS,8030.0,7
475000,Remy,Vinnie,ROSES,SEASHELLS,14625.0,2
475500,Remy,Vinnie,ROSES,SEASHELLS,14624.0,4
475700,Remy,Vinnie,STRAWBERRIES,SEASHELLS,4030.0,9
475800,Remy,Vinnie,CHOCOLATE,SEASHELLS,8024.0,5
475900,Vinnie,Remy,CHOCOLATE,SEASHELLS,8023.0,7
476100,Remy,Vinnie,CHOCOLATE,SEASHELLS,8024.0,7
476100,Vinnie,Remy,ROSES,SEASHELLS,14626.0,2
476300,Rhianna,Vladimir,GIFT_BASKET,SEASHELLS,71264.0,7
476400,Vinnie,Vladimir,STRAWBERRIES,SEASHELLS,4028.0,8
476400,Vinnie,Remy,ROSES,SEASHELLS,14632.0,5
476500,Remy,Vinnie,CHOCOLATE,SEASHELLS,8026.0,8
476700,Vinnie,Remy,ROSES,SEASHELLS,14627.0,2
476800,Remy,Vinnie,CHOCOLATE,SEASHELLS,8026.0,6
477200,Vinnie,Remy,ROSES,SEASHELLS,14631.0,1
477600,Remy,Vinnie,CHOCOLATE,SEASHELLS,8027.0,5
477800,Vinnie,Remy,CHOCOLATE,SEASHELLS,8027.0,8
477900,Vinnie,Remy,CHOCOLATE,SEASHELLS,8026.0,6
479000,Vinnie,Vladimir,STRAWBERRIES,SEASHELLS,4033.0,10
479800,Ruby,Vinnie,GIFT_BASKET,SEASHELLS,71314.0,1
480500,Remy,Vinnie,CHOCOLATE,SEASHELLS,8019.0,6
480600,Remy,Vinnie,ROSES,SEASHELLS,14655.0,2
480700,Vinnie,Ruby,GIFT_BASKET,SEASHELLS,71331.0,2
481300,Remy,Vinnie,ROSES,SEASHELLS,14654.0,3
481300,Vinnie,Remy,CHOCOLATE,SEASHELLS,8020.0,6
481500,Vinnie,Vladimir,STRAWBERRIES,SEASHELLS,4037.0,8
481600,Vinnie,Vladimir,CHOCOLATE,SEASHELLS,8022.0,10
481600,Vinnie,Ruby,GIFT_BASKET,SEASHELLS,71350.0,1
481800,Remy,Vinnie,STRAWBERRIES,SEASHELLS,4039.0,6
481800,Vinnie,Vladimir,CHOCOLATE,SEASHELLS,8024.0,4
482400,Remy,Vinnie,ROSES,SEASHELLS,14647.0,2
482400,Vinnie,Remy,STRAWBERRIES,SEASHELLS,4039.0,9
482600,Ruby,Vladimir,GIFT_BASKET,SEASHELLS,71374.0,5
482800,Vinnie,Vladimir,CHOCOLATE,SEASHELLS,8026.0,8
483000,Vinnie,Vladimir,STRAWBERRIES,SEASHELLS,4039.0,5
483200,Vinnie,Remy,CHOCOLATE,SEASHELLS,8022.0,5
483500,Remy,Vinnie,CHOCOLATE,SEASHELLS,8021.0,7
484400,Vinnie,Ruby,GIFT_BASKET,SEASHELLS,71312.0,1
484400,Vinnie,Vladimir,CHOCOLATE,SEASHELLS,8019.0,6
484400,Vinnie,Remy,ROSES,SEASHELLS,14640.0,2
484600,Vinnie,Vladimir,STRAWBERRIES,SEASHELLS,4041.0,3
484600,Remy,Vinnie,STRAWBERRIES,SEASHELLS,4043.0,6
484700,Vinnie,Remy,ROSES,SEASHELLS,14641.0,1
484900,Remy,Vinnie,ROSES,SEASHELLS,14647.0,4
484900,Vinnie,Remy,STRAWBERRIES,SEASHELLS,4042.0,4
485100,Vinnie,Remy,ROSES,SEASHELLS,14649.0,2
485200,Vinnie,Remy,CHOCOLATE,SEASHELLS,8024.0,7
485300,Remy,Vinnie,ROSES,SEASHELLS,14655.0,1
485800,Vinnie,Vladimir,STRAWBERRIES,SEASHELLS,4043.0,5
485800,Remy,Vinnie,CHOCOLATE,SEASHELLS,8028.0,6
485800,Remy,Vinnie,STRAWBERRIES,SEASHELLS,4044.0,9
486000,Remy,Vinnie,STRAWBERRIES,SEASHELLS,4045.0,8
486500,Remy,Vinnie,STRAWBERRIES,SEASHELLS,4044.0,7
486800,Remy,Vinnie,STRAWBERRIES,SEASHELLS,4044.0,10
487000,Vinnie,Rhianna,GIFT_BASKET,SEASHELLS,71418.0,2
487000,Vladimir,Rhianna,GIFT_BASKET,SEASHELLS,71417.0,1
487400,Remy,Vinnie,STRAWBERRIES,SEASHELLS,4044.0,5
487800,Vinnie,Remy,ROSES,SEASHELLS,14671.0,2
487800,Vinnie,Remy,STRAWBERRIES,SEASHELLS,4043.0,7
488200,Vinnie,Remy,STRAWBERRIES,SEASHELLS,4045.0,10
488400,Vinnie,Remy,CHOCOLATE,SEASHELLS,8026.0,8
488500,Remy,Vinnie,STRAWBERRIES,SEASHELLS,4047.0,8
488900,Vinnie,Remy,STRAWBERRIES,SEASHELLS,4045.0,9
489300,Vladimir,Ruby,GIFT_BASKET,SEASHELLS,71488.0,10
489900,Remy,Vinnie,ROSES,SEASHELLS,14678.0,2
490100,Remy,Vinnie,STRAWBERRIES,SEASHELLS,4048.0,10
490100,Vinnie,Remy,ROSES,SEASHELLS,14677.0,2
490200,Remy,Vinnie,ROSES,SEASHELLS,14681.0,4
491200,Remy,Vinnie,ROSES,SEASHELLS,14687.0,1
491300,Remy,Vinnie,ROSES,SEASHELLS,14686.0,4
491500,Remy,Vinnie,ROSES,SEASHELLS,14688.0,1
492200,Vinnie,Vladimir,STRAWBERRIES,SEASHELLS,4049.0,7
492600,Vinnie,Remy,CHOCOLATE,SEASHELLS,8027.0,8
492600,Vladimir,Vinnie,GIFT_BASKET,SEASHELLS,71517.0,1
492900,Vinnie,Vladimir,STRAWBERRIES,SEASHELLS,4048.0,8
493100,Vinnie,Remy,ROSES,SEASHELLS,14687.0,4
493200,Vinnie,Vladimir,STRAWBERRIES,SEASHELLS,4048.0,3
493400,Vinnie,Remy,ROSES,SEASHELLS,14687.0,2
493800,Remy,Vinnie,STRAWBERRIES,SEASHELLS,4049.0,10
494100,Vinnie,Ruby,GIFT_BASKET,SEASHELLS,71495.0,2
494100,Remy,Vinnie,CHOCOLATE,SEASHELLS,8028.0,6
494600,Vinnie,Remy,CHOCOLATE,SEASHELLS,8022.0,7
495300,Vinnie,Vladimir,STRAWBERRIES,SEASHELLS,4046.0,8
496100,Remy,Vinnie,ROSES,SEASHELLS,14660.0,4
496100,Vinnie,Remy,CHOCOLATE,SEASHELLS,8021.0,7
496300,Vinnie,Vladimir,STRAWBERRIES,SEASHELLS,4047.0,5
496700,Vinnie,Vladimir,STRAWBERRIES,SEASHELLS,4046.0,10
496900,Vinnie,Vladimir,STRAWBERRIES,SEASHELLS,4046.0,4
497000,Vladimir,Ruby,GIFT_BASKET,SEASHELLS,71537.0,9
497100,Vinnie,Remy,CHOCOLATE,SEASHELLS,8016.0,7
497200,Vladimir,Rhianna,GIFT_BASKET,SEASHELLS,71541.0,2
497200,Vinnie,Remy,STRAWBERRIES,SEASHELLS,4046.0,6
497500,Rhianna,Vladimir,GIFT_BASKET,SEASHELLS,71562.0,5
497700,Remy,Vinnie,CHOCOLATE,SEASHELLS,8017.0,8
497800,Vinnie,Remy,ROSES,SEASHELLS,14671.0,5
497900,Remy,Vinnie,ROSES,SEASHELLS,14673.0,5
498000,Vinnie,Remy,ROSES,SEASHELLS,14673.0,5
498200,Vinnie,Remy,ROSES,SEASHELLS,14674.0,1
498200,Remy,Vinnie,CHOCOLATE,SEASHELLS,8016.0,5
498600,Vinnie,Remy,ROSES,SEASHELLS,14675.0,4
498600,Remy,Vinnie,STRAWBERRIES,SEASHELLS,4049.0,8
498900,Vinnie,Remy,ROSES,SEASHELLS,14674.0,4
499000,Vinnie,Remy,STRAWBERRIES,SEASHELLS,4048.0,9
499100,Remy,Vinnie,CHOCOLATE,SEASHELLS,8012.0,6
499800,Vinnie,Vladimir,ROSES,SEASHELLS,14674.0,3
499800,Vinnie,Vladimir,STRAWBERRIES,SEASHELLS,4048.0,3
500200,Vinnie,Vladimir,STRAWBERRIES,SEASHELLS,4048.0,4
500200,Remy,Vinnie,ROSES,SEASHELLS,14682.0,5
500300,Vinnie,Vladimir,CHOCOLATE,SEASHELLS,8010.0,5
500300,Ruby,Vinnie,GIFT_BASKET,SEASHELLS,71545.0,2
500700,Vinnie,Vladimir,ROSES,SEASHELLS,14679.0,9
501000,Vinnie,Remy,ROSES,SEASHELLS,14681.0,1
501000,Vinnie,Remy,CHOCOLATE,SEASHELLS,8011.0,5
501400,Vinnie,Remy,STRAWBERRIES,SEASHELLS,4049.0,5
501400,Vinnie,Remy,CHOCOLATE,SEASHELLS,8011.0,8
501600,Vinnie,Remy,ROSES,SEASHELLS,14673.0,5
502300,Remy,Vinnie,CHOCOLATE,SEASHELLS,8007.0,7
502400,Vinnie,Ruby,GIFT_BASKET,SEASHELLS,71477.0,2
502400,Vinnie,Remy,ROSES,SEASHELLS,14664.0,5
503000,Vinnie,Vladimir,STRAWBERRIES,SEASHELLS,4048.0,10
503400,Remy,Vinnie,ROSES,SEASHELLS,14678.0,2
503600,Vinnie,Remy,CHOCOLATE,SEASHELLS,7999.0,5
503600,Vinnie,Remy,STRAWBERRIES,SEASHELLS,4049.0,7
504000,Vinnie,Remy,ROSES,SEASHELLS,14683.0,4
504200,Vinnie,Remy,STRAWBERRIES,SEASHELLS,4048.0,7
504400,Vinnie,Vladimir,ROSES,SEASHELLS,14691.0,8
504500,Remy,Vinnie,CHOCOLATE,SEASHELLS,8002.0,6
504800,Remy,Vinnie,ROSES,SEASHELLS,14698.0,2
505000,Rhianna,Vladimir,GIFT_BASKET,SEASHELLS,71480.0,2
505300,Vinnie,Remy,CHOCOLATE,SEASHELLS,8001.0,8
506000,Vinnie,Vladimir,ROSES,SEASHELLS,14704.0,9
506400,Remy,Vinnie,CHOCOLATE,SEASHELLS,8002.0,6
506400,Vinnie,Vladimir,STRAWBERRIES,SEASHELLS,4048.0,4
506500,Vinnie,Remy,CHOCOLATE,SEASHELLS,7999.0,7
507000,Vinnie,Remy,CHOCOLATE,SEASHELLS,7998.0,8
507100,Vinnie,Remy,ROSES,SEASHELLS,14698.0,2
507200,Remy,Vinnie,STRAWBERRIES,SEASHELLS,4049.0,6
507200,Vinnie,Vladimir,CHOCOLATE,SEASHELLS,7998.0,8
508400,Remy,Vinnie,CHOCOLATE,SEASHELLS,7997.0,8
509200,Vinnie,Remy,ROSES,SEASHELLS,14703.0,2
509400,Vinnie,Rhianna,GIFT_BASKET,SEASHELLS,71476.0,1
509400,Vladimir,Rhianna,GIFT_BASKET,SEASHELLS,71475.0,7
509400,Ruby,Vinnie,GIFT_BASKET,SEASHELLS,71481.0,6
509500,Vinnie,Remy,CHOCOLATE,SEASHELLS,7994.0,6
509500,Remy,Vinnie,STRAWBERRIES,SEASHELLS,4052.0,4
509800,Vinnie,Vladimir,STRAWBERRIES,SEASHELLS,4050.0,7
510200,Remy,Vinnie,ROSES,SEASHELLS,14699.0,4
510500,Vinnie,Vladimir,STRAWBERRIES,SEASHELLS,4051.0,10
510600,Vinnie,Vladimir,STRAWBERRIES,SEASHELLS,4051.0,12
510600,Remy,Vinnie,ROSES,SEASHELLS,14705.0,5
511400,Remy,Vinnie,ROSES,SEASHELLS,14711.0,1
511600,Vinnie,Remy,CHOCOLATE,SEASHELLS,7999.0,6
511800,Vinnie,Vladimir,STRAWBERRIES,SEASHELLS,4050.0,7
512900,Vinnie,Remy,ROSES,SEASHELLS,14692.0,5
512900,Vinnie,Remy,STRAWBERRIES,SEASHELLS,4048.0,7
513100,Remy,Vinnie,ROSES,SEASHELLS,14691.0,4
513300,Vinnie,Remy,CHOCOLATE,SEASHELLS,7996.0,5
513800,Remy,Vinnie,CHOCOLATE,SEASHELLS,7994.0,7
513800,Remy,Vinnie,STRAWBERRIES,SEASHELLS,4050.0,9
514100,Vinnie,Vladimir,ROSES,SEASHELLS,14696.0,8
514200,Vinnie,Remy,STRAWBERRIES,SEASHELLS,4048.0,8
515300,Vinnie,Remy,STRAWBERRIES,SEASHELLS,4048.0,6
515400,Vinnie,Remy,ROSES,SEASHELLS,14676.0,5
515500,Vinnie,Rhianna,GIFT_BASKET,SEASHELLS,71356.0,2
516100,Vinnie,Remy,ROSES,SEASHELLS,14689.0,3
516700,Remy,Vinnie,STRAWBERRIES,SEASHELLS,4048.0,6
517300,Vinnie,Remy,ROSES,SEASHELLS,14692.0,5
517500,Vinnie,Remy,STRAWBERRIES,SEASHELLS,4044.0,6
518000,Vladimir,Rhianna,GIFT_BASKET,SEASHELLS,71398.0,4
518000,Vinnie,Rhianna,GIFT_BASKET,SEASHELLS,71399.0,2
518000,Remy,Vinnie,ROSES,SEASHELLS,14704.0,4
518200,Remy,Vinnie,ROSES,SEASHELLS,14699.0,4
518200,Vladimir,Rhianna,GIFT_BASKET,SEASHELLS,71382.0,4
518300,Remy,Vinnie,CHOCOLATE,SEASHELLS,7990.0,7
518700,Vinnie,Vladimir,ROSES,SEASHELLS,14700.0,9
519200,Vinnie,Ruby,GIFT_BASKET,SEASHELLS,71413.0,1
519400,Vinnie,Vladimir,STRAWBERRIES,SEASHELLS,4044.0,12
520200,Vinnie,Vladimir,STRAWBERRIES,SEASHELLS,4044.0,9
520200,Vinnie,Remy,ROSES,SEASHELLS,14705.0,2
520300,Vinnie,Remy,STRAWBERRIES,SEASHELLS,4044.0,6
520500,Rhianna,Vladimir,GIFT_BASKET,SEASHELLS,71479.0,4
520500,Rhianna,Vinnie,GIFT_BASKET,SEASHELLS,71479.0,2
520800,Vinnie,Remy,CHOCOLATE,SEASHELLS,7996.0,7
521100,Remy,Vinnie,CHOCOLATE,SEASHELLS,7999.0,8
521400,Vinnie,Remy,ROSES,SEASHELLS,14712.0,2
521700,Vinnie,Vladimir,STRAWBERRIES,SEASHELLS,4043.0,12
521700,Remy,Vinnie,ROSES,SEASHELLS,14713.0,1
522200,Remy,Vinnie,ROSES,SEASHELLS,14718.0,5
522300,Remy,Vinnie,ROSES,SEASHELLS,14723.0,3
522600,Remy,Vinnie,STRAWBERRIES,SEASHELLS,4045.0,6
522800,Remy,Vinnie,CHOCOLATE,SEASHELLS,7998.0,6
523000,Remy,Vinnie,CHOCOLATE,SEASHELLS,7997.0,8
