timestamp,buyer,seller,symbol,currency,price,quantity
0,Amelia,Valentina,STARFRUIT,SEASHELLS,5047.0,13
0,Remy,Valentina,STARFRUIT,SEASHELLS,5047.0,1
0,Remy,Vinnie,AMETHYSTS,SEASHELLS,10004.0,1
1100,Vinnie,Amelia,AMETHYSTS,SEASHELLS,9996.0,2
1700,Remy,Vladimir,AMETHYSTS,SEASHELLS,10002.0,1
1700,Ruby,Vladimir,STARFRUIT,SEASHELLS,5043.0,8
1800,Remy,Valentina,AMETHYSTS,SEASHELLS,10002.0,1
1900,Remy,Vladimir,STARFRUIT,SEASHELLS,5044.0,1
2000,Valentina,Remy,AMETHYSTS,SEASHELLS,9998.0,1
2400,Valentina,Remy,STARFRUIT,SEASHELLS,5038.0,1
2900,Vinnie,Amelia,AMETHYSTS,SEASHELLS,9996.0,1
2900,Valentina,Amelia,AMETHYSTS,SEASHELLS,9996.0,11
3000,Remy,Valentina,AMETHYSTS,SEASHELLS,10005.0,1
3000,Remy,Valentina,STARFRUIT,SEASHELLS,5045.0,1
3100,Vinnie,Remy,AMETHYSTS,SEASHELLS,9996.0,2
3100,Valentina,Remy,STARFRUIT,SEASHELLS,5037.0,2
3200,Valentina,Remy,STARFRUIT,SEASHELLS,5037.0,1
3200,Vinnie,Remy,AMETHYSTS,SEASHELLS,9996.0,1
3200,Vinnie,Remy,STARFRUIT,SEASHELLS,5037.0,1
3200,Valentina,Remy,AMETHYSTS,SEASHELLS,9996.0,1
3700,Remy,Valentina,AMETHYSTS,SEASHELLS,10002.0,1
3800,Valentina,Amelia,STARFRUIT,SEASHELLS,5037.0,14
3800,Valentina,Remy,STARFRUIT,SEASHELLS,5037.0,1
3800,Vinnie,Remy,AMETHYSTS,SEASHELLS,9996.0,1
4200,Vinnie,Ruby,AMETHYSTS,SEASHELLS,9996.0,2
4300,Remy,Vinnie,STARFRUIT,SEASHELLS,5043.0,1
4300,Vladimir,Remy,STARFRUIT,SEASHELLS,5039.0,2
4300,Valentina,Remy,AMETHYSTS,SEASHELLS,9995.0,2
4500,Valentina,Remy,STARFRUIT,SEASHELLS,5038.0,1
4800,Remy,Vinnie,AMETHYSTS,SEASHELLS,10004.0,2
4800,Remy,Valentina,STARFRUIT,SEASHELLS,5044.0,2
5300,Remy,Valentina,STARFRUIT,SEASHELLS,5042.0,1
5700,Valentina,Remy,STARFRUIT,SEASHELLS,5037.0,1
6100,Valentina,Remy,STARFRUIT,SEASHELLS,5038.0,1
6500,Valentina,Remy,AMETHYSTS,SEASHELLS,9998.0,1
6600,Amelia,Vinnie,AMETHYSTS,SEASHELLS,10004.0,2
6700,Rhianna,Vladimir,AMETHYSTS,SEASHELLS,10002.0,3
6900,Remy,Vladimir,AMETHYSTS,SEASHELLS,10002.0,1
6900,Remy,Vladimir,STARFRUIT,SEASHELLS,5043.0,1
7000,Remy,Valentina,STARFRUIT,SEASHELLS,5045.0,2
7000,Remy,Valentina,AMETHYSTS,SEASHELLS,10005.0,2
7300,Remy,Vinnie,STARFRUIT,SEASHELLS,5044.0,2
7300,Remy,Vinnie,AMETHYSTS,SEASHELLS,10004.0,2
7400,Valentina,Remy,STARFRUIT,SEASHELLS,5038.0,1
7700,Valentina,Remy,STARFRUIT,SEASHELLS,5040.0,1
8100,Vinnie,Amelia,AMETHYSTS,SEASHELLS,9996.0,1
8100,Remy,Amelia,AMETHYSTS,SEASHELLS,9996.0,1
8100,Remy,Valentina,STARFRUIT,SEASHELLS,5046.0,1
8800,Valentina,Remy,AMETHYSTS,SEASHELLS,9998.0,1
9200,Remy,Vladimir,STARFRUIT,SEASHELLS,5044.0,1
10300,Vladimir,Remy,AMETHYSTS,SEASHELLS,9998.0,1
10300,Remy,Valentina,STARFRUIT,SEASHELLS,5043.0,1
10400,Remy,Valentina,AMETHYSTS,SEASHELLS,10002.0,1
10800,Amelia,Vinnie,AMETHYSTS,SEASHELLS,10004.0,2
10800,Amelia,Valentina,AMETHYSTS,SEASHELLS,10004.0,10
11100,Valentina,Ruby,AMETHYSTS,SEASHELLS,9998.0,4
11100,Vladimir,Ruby,AMETHYSTS,SEASHELLS,9998.0,3
11300,Valentina,Rhianna,STARFRUIT,SEASHELLS,5040.0,3
11400,Vinnie,Remy,AMETHYSTS,SEASHELLS,9996.0,1
11400,Valentina,Remy,STARFRUIT,SEASHELLS,5039.0,2
11500,Rhianna,Vladimir,AMETHYSTS,SEASHELLS,10002.0,2
11700,Valentina,Rhianna,STARFRUIT,SEASHELLS,5041.0,2
11800,Valentina,Vinnie,STARFRUIT,SEASHELLS,5043.0,4
11800,Remy,Vinnie,STARFRUIT,SEASHELLS,5045.0,1
12000,Remy,Valentina,AMETHYSTS,SEASHELLS,10002.0,1
12400,Ruby,Valentina,STARFRUIT,SEASHELLS,5046.0,15
13000,Remy,Valentina,STARFRUIT,SEASHELLS,5044.0,1
13000,Remy,Valentina,AMETHYSTS,SEASHELLS,10002.0,1
13200,Vladimir,Rhianna,AMETHYSTS,SEASHELLS,9998.0,2
13300,Remy,Valentina,AMETHYSTS,SEASHELLS,10005.0,2
13300,Remy,Valentina,STARFRUIT,SEASHELLS,5044.0,2
13600,Valentina,Remy,STARFRUIT,SEASHELLS,5038.0,1
14200,Valentina,Remy,STARFRUIT,SEASHELLS,5039.0,1
15000,Adam,Vladimir,STARFRUIT,SEASHELLS,5043.0,2
15000,Adam,Valentina,STARFRUIT,SEASHELLS,5043.0,8
15200,Valentina,Remy,STARFRUIT,SEASHELLS,5037.0,1
15300,Ruby,Vladimir,AMETHYSTS,SEASHELLS,10002.0,1
15400,Valentina,Remy,AMETHYSTS,SEASHELLS,9998.0,1
15600,Remy,Vinnie,AMETHYSTS,SEASHELLS,10004.0,2
15600,Remy,Valentina,STARFRUIT,SEASHELLS,5043.0,2
15700,Adam,Vladimir,AMETHYSTS,SEASHELLS,10002.0,1
15800,Remy,Valentina,STARFRUIT,SEASHELLS,5042.0,1
16200,Valentina,Remy,AMETHYSTS,SEASHELLS,9998.0,1
16200,Valentina,Rhianna,STARFRUIT,SEASHELLS,5038.0,1
16200,Remy,Rhianna,STARFRUIT,SEASHELLS,5038.0,1
16300,Amelia,Vinnie,AMETHYSTS,SEASHELLS,10004.0,1
16400,Rhianna,Vladimir,AMETHYSTS,SEASHELLS,10002.0,1
16600,Valentina,Remy,STARFRUIT,SEASHELLS,5038.0,1
16700,Remy,Valentina,STARFRUIT,SEASHELLS,5043.0,1
16700,Remy,Valentina,AMETHYSTS,SEASHELLS,10002.0,1
16800,Valentina,Ruby,AMETHYSTS,SEASHELLS,9995.0,5
18200,Valentina,Remy,STARFRUIT,SEASHELLS,5036.0,1
18500,Remy,Vinnie,STARFRUIT,SEASHELLS,5040.0,1
19300,Vinnie,Remy,STARFRUIT,SEASHELLS,5034.0,1
19300,Vinnie,Remy,AMETHYSTS,SEASHELLS,9996.0,1
19700,Valentina,Remy,STARFRUIT,SEASHELLS,5033.0,1
19700,Remy,Valentina,AMETHYSTS,SEASHELLS,10002.0,1
20100,Rhianna,Valentina,AMETHYSTS,SEASHELLS,10002.0,1
20100,Rhianna,Vladimir,AMETHYSTS,SEASHELLS,10002.0,4
20200,Valentina,Remy,AMETHYSTS,SEASHELLS,9998.0,1
20300,Valentina,Remy,STARFRUIT,SEASHELLS,5034.0,1
20500,Vinnie,Remy,AMETHYSTS,SEASHELLS,9998.0,1
20700,Remy,Amelia,AMETHYSTS,SEASHELLS,10002.0,1
21200,Valentina,Remy,AMETHYSTS,SEASHELLS,9998.0,1
21300,Vinnie,Ruby,AMETHYSTS,SEASHELLS,9996.0,1
21300,Valentina,Ruby,AMETHYSTS,SEASHELLS,9996.0,7
21700,Amelia,Valentina,STARFRUIT,SEASHELLS,5041.0,8
22100,Vinnie,Remy,STARFRUIT,SEASHELLS,5035.0,1
22200,Vladimir,Amelia,AMETHYSTS,SEASHELLS,9998.0,6
22400,Amelia,Remy,AMETHYSTS,SEASHELLS,9998.0,1
22500,Amelia,Vinnie,STARFRUIT,SEASHELLS,5041.0,2
22700,Vinnie,Remy,STARFRUIT,SEASHELLS,5035.0,1
22800,Vinnie,Remy,STARFRUIT,SEASHELLS,5035.0,1
22800,Valentina,Rhianna,AMETHYSTS,SEASHELLS,9998.0,2
23200,Vladimir,Remy,AMETHYSTS,SEASHELLS,9998.0,2
23200,Vinnie,Remy,STARFRUIT,SEASHELLS,5035.0,2
23300,Remy,Rhianna,AMETHYSTS,SEASHELLS,9998.0,1
23500,Vinnie,Remy,STARFRUIT,SEASHELLS,5035.0,1
23700,Remy,Ruby,AMETHYSTS,SEASHELLS,10002.0,1
23900,Remy,Valentina,STARFRUIT,SEASHELLS,5041.0,1
24100,Remy,Vladimir,STARFRUIT,SEASHELLS,5041.0,1
24100,Valentina,Ruby,AMETHYSTS,SEASHELLS,9996.0,7
24100,Vinnie,Ruby,AMETHYSTS,SEASHELLS,9996.0,1
24500,Remy,Remy,AMETHYSTS,SEASHELLS,10002.0,1
24500,Vinnie,Remy,STARFRUIT,SEASHELLS,5037.0,1
24600,Rhianna,Valentina,STARFRUIT,SEASHELLS,5041.0,5
24600,Valentina,Rhianna,AMETHYSTS,SEASHELLS,9998.0,2
24900,Rhianna,Amelia,STARFRUIT,SEASHELLS,5042.0,4
25100,Remy,Valentina,AMETHYSTS,SEASHELLS,10002.0,1
25200,Remy,Adam,AMETHYSTS,SEASHELLS,10002.0,1
25200,Valentina,Adam,AMETHYSTS,SEASHELLS,9998.0,5
25200,Vladimir,Adam,AMETHYSTS,SEASHELLS,9998.0,3
25200,Remy,Vladimir,STARFRUIT,SEASHELLS,5042.0,1
25300,Vladimir,Remy,STARFRUIT,SEASHELLS,5037.0,1
25700,Ruby,Vinnie,AMETHYSTS,SEASHELLS,10004.0,2
26000,Vinnie,Adam,STARFRUIT,SEASHELLS,5036.0,2
26000,Valentina,Adam,STARFRUIT,SEASHELLS,5036.0,5
26300,Valentina,Remy,AMETHYSTS,SEASHELLS,9998.0,1
26400,Vladimir,Remy,STARFRUIT,SEASHELLS,5037.0,1
26600,Valentina,Remy,AMETHYSTS,SEASHELLS,9998.0,1
27300,Remy,Valentina,STARFRUIT,SEASHELLS,5042.0,1
27600,Vladimir,Remy,STARFRUIT,SEASHELLS,5038.0,1
27600,Vladimir,Rhianna,AMETHYSTS,SEASHELLS,9998.0,4
27800,Remy,Vladimir,STARFRUIT,SEASHELLS,5043.0,1
27900,Remy,Valentina,STARFRUIT,SEASHELLS,5042.0,1
28200,Ruby,Vladimir,STARFRUIT,SEASHELLS,5042.0,5
28200,Valentina,Rhianna,AMETHYSTS,SEASHELLS,9998.0,2
28200,Ruby,Valentina,STARFRUIT,SEASHELLS,5042.0,6
28400,Valentina,Remy,STARFRUIT,SEASHELLS,5037.0,1
29000,Ruby,Valentina,AMETHYSTS,SEASHELLS,10005.0,8
29000,Valentina,Remy,STARFRUIT,SEASHELLS,5037.0,1
29300,Amelia,Valentina,STARFRUIT,SEASHELLS,5042.0,10
29300,Amelia,Vladimir,STARFRUIT,SEASHELLS,5042.0,2
29400,Rhianna,Remy,AMETHYSTS,SEASHELLS,10002.0,1
29700,Vladimir,Remy,STARFRUIT,SEASHELLS,5038.0,1
30000,Vladimir,Remy,AMETHYSTS,SEASHELLS,9998.0,1
30000,Vladimir,Ruby,AMETHYSTS,SEASHELLS,9998.0,3
30200,Amelia,Valentina,STARFRUIT,SEASHELLS,5044.0,10
30300,Remy,Valentina,STARFRUIT,SEASHELLS,5044.0,1
30600,Vinnie,Remy,STARFRUIT,SEASHELLS,5038.0,1
30600,Remy,Vladimir,AMETHYSTS,SEASHELLS,10002.0,1
30600,Remy,Valentina,STARFRUIT,SEASHELLS,5044.0,1
31300,Valentina,Ruby,STARFRUIT,SEASHELLS,5038.0,13
31600,Remy,Valentina,STARFRUIT,SEASHELLS,5043.0,1
31900,Ruby,Valentina,AMETHYSTS,SEASHELLS,10005.0,2
32400,Valentina,Remy,STARFRUIT,SEASHELLS,5037.0,1
32500,Valentina,Remy,STARFRUIT,SEASHELLS,5037.0,1
32600,Remy,Valentina,AMETHYSTS,SEASHELLS,10005.0,2
32600,Remy,Valentina,STARFRUIT,SEASHELLS,5044.0,2
32600,Remy,Valentina,AMETHYSTS,SEASHELLS,10002.0,1
32800,Vinnie,Amelia,AMETHYSTS,SEASHELLS,9996.0,2
33000,Adam,Vladimir,AMETHYSTS,SEASHELLS,10002.0,6
33200,Valentina,Adam,STARFRUIT,SEASHELLS,5035.0,10
33200,Valentina,Remy,STARFRUIT,SEASHELLS,5035.0,1
33500,Remy,Valentina,STARFRUIT,SEASHELLS,5041.0,1
33500,Remy,Vinnie,AMETHYSTS,SEASHELLS,10004.0,1
33600,Adam,Valentina,AMETHYSTS,SEASHELLS,10002.0,6
33800,Rhianna,Valentina,STARFRUIT,SEASHELLS,5040.0,3
34100,Vinnie,Ruby,AMETHYSTS,SEASHELLS,9996.0,1
34100,Valentina,Ruby,AMETHYSTS,SEASHELLS,9996.0,2
34200,Valentina,Ruby,STARFRUIT,SEASHELLS,5034.0,9
34300,Remy,Valentina,AMETHYSTS,SEASHELLS,10002.0,1
34600,Valentina,Remy,STARFRUIT,SEASHELLS,5035.0,1
35000,Remy,Valentina,STARFRUIT,SEASHELLS,5040.0,1
35000,Remy,Valentina,AMETHYSTS,SEASHELLS,10002.0,1
35100,Rhianna,Valentina,AMETHYSTS,SEASHELLS,10002.0,3
35300,Remy,Adam,STARFRUIT,SEASHELLS,5041.0,1
35400,Remy,Valentina,STARFRUIT,SEASHELLS,5040.0,1
35400,Rhianna,Valentina,AMETHYSTS,SEASHELLS,10002.0,3
35800,Valentina,Rhianna,STARFRUIT,SEASHELLS,5035.0,2
36100,Adam,Vladimir,AMETHYSTS,SEASHELLS,10002.0,1
36200,Valentina,Remy,AMETHYSTS,SEASHELLS,9998.0,1
36400,Remy,Valentina,STARFRUIT,SEASHELLS,5039.0,1
36500,Valentina,Rhianna,STARFRUIT,SEASHELLS,5036.0,2
37300,Vladimir,Remy,STARFRUIT,SEASHELLS,5034.0,1
37500,Vinnie,Remy,AMETHYSTS,SEASHELLS,9996.0,1
37500,Valentina,Remy,STARFRUIT,SEASHELLS,5034.0,1
37800,Valentina,Remy,STARFRUIT,SEASHELLS,5033.0,1
38500,Remy,Valentina,AMETHYSTS,SEASHELLS,10002.0,1
38600,Valentina,Remy,STARFRUIT,SEASHELLS,5031.0,1
38600,Vinnie,Remy,AMETHYSTS,SEASHELLS,9996.0,1
38800,Vinnie,Amelia,AMETHYSTS,SEASHELLS,9996.0,1
39200,Remy,Vladimir,STARFRUIT,SEASHELLS,5035.0,1
39200,Vladimir,Remy,AMETHYSTS,SEASHELLS,9998.0,1
39400,Remy,Vladimir,STARFRUIT,SEASHELLS,5034.0,1
39400,Remy,Vinnie,AMETHYSTS,SEASHELLS,10004.0,1
39500,Valentina,Remy,AMETHYSTS,SEASHELLS,9998.0,1
40500,Vinnie,Remy,STARFRUIT,SEASHELLS,5032.0,1
40900,Amelia,Remy,AMETHYSTS,SEASHELLS,10004.0,1
40900,Amelia,Valentina,AMETHYSTS,SEASHELLS,10004.0,8
40900,Amelia,Vinnie,AMETHYSTS,SEASHELLS,10004.0,2
40900,Valentina,Remy,STARFRUIT,SEASHELLS,5033.0,1
41000,Valentina,Remy,STARFRUIT,SEASHELLS,5033.0,1
41500,Rhianna,Vladimir,STARFRUIT,SEASHELLS,5038.0,5
41700,Vinnie,Remy,STARFRUIT,SEASHELLS,5032.0,1
41900,Remy,Vladimir,STARFRUIT,SEASHELLS,5036.0,1
42000,Ruby,Vladimir,STARFRUIT,SEASHELLS,5035.0,5
42000,Vinnie,Remy,STARFRUIT,SEASHELLS,5031.0,1
42300,Valentina,Adam,STARFRUIT,SEASHELLS,5032.0,7
42400,Valentina,Remy,STARFRUIT,SEASHELLS,5032.0,1
42500,Amelia,Remy,AMETHYSTS,SEASHELLS,10002.0,1
42500,Amelia,Vladimir,AMETHYSTS,SEASHELLS,10002.0,3
42500,Valentina,Remy,STARFRUIT,SEASHELLS,5031.0,1
42600,Valentina,Remy,STARFRUIT,SEASHELLS,5031.0,2
42600,Valentina,Remy,AMETHYSTS,SEASHELLS,9995.0,2
42900,Remy,Valentina,STARFRUIT,SEASHELLS,5038.0,2
42900,Remy,Valentina,AMETHYSTS,SEASHELLS,10005.0,2
43900,Rhianna,Valentina,AMETHYSTS,SEASHELLS,10002.0,4
44500,Remy,Valentina,STARFRUIT,SEASHELLS,5036.0,1
44800,Valentina,Remy,AMETHYSTS,SEASHELLS,9998.0,1
45000,Remy,Valentina,AMETHYSTS,SEASHELLS,10002.0,1
45500,Valentina,Vinnie,STARFRUIT,SEASHELLS,5033.0,3
45800,Vinnie,Remy,STARFRUIT,SEASHELLS,5030.0,1
45900,Remy,Vinnie,AMETHYSTS,SEASHELLS,10004.0,1
45900,Remy,Valentina,STARFRUIT,SEASHELLS,5036.0,2
45900,Remy,Valentina,AMETHYSTS,SEASHELLS,10004.0,1
46600,Vladimir,Remy,AMETHYSTS,SEASHELLS,9998.0,2
46600,Vladimir,Remy,STARFRUIT,SEASHELLS,5032.0,2
46900,Remy,Valentina,STARFRUIT,SEASHELLS,5037.0,1
47100,Valentina,Rhianna,STARFRUIT,SEASHELLS,5033.0,4
47100,Valentina,Remy,AMETHYSTS,SEASHELLS,9998.0,1
47500,Rhianna,Vladimir,AMETHYSTS,SEASHELLS,10002.0,4
48100,Vladimir,Remy,STARFRUIT,SEASHELLS,5031.0,1
48100,Valentina,Remy,AMETHYSTS,SEASHELLS,9995.0,2
48600,Vladimir,Remy,STARFRUIT,SEASHELLS,5032.0,1
48600,Vladimir,Remy,STARFRUIT,SEASHELLS,5031.0,1
48600,Vinnie,Remy,AMETHYSTS,SEASHELLS,9996.0,1
49000,Vladimir,Remy,STARFRUIT,SEASHELLS,5032.0,1
49200,Ruby,Valentina,STARFRUIT,SEASHELLS,5037.0,11
49300,Valentina,Remy,STARFRUIT,SEASHELLS,5031.0,1
49400,Rhianna,Valentina,STARFRUIT,SEASHELLS,5035.0,5
49400,Adam,Valentina,STARFRUIT,SEASHELLS,5036.0,9
49500,Ruby,Valentina,STARFRUIT,SEASHELLS,5038.0,6
49600,Remy,Valentina,STARFRUIT,SEASHELLS,5037.0,1
49800,Valentina,Rhianna,STARFRUIT,SEASHELLS,5032.0,5
49900,Vladimir,Adam,AMETHYSTS,SEASHELLS,9998.0,6
49900,Remy,Valentina,AMETHYSTS,SEASHELLS,10005.0,2
49900,Remy,Valentina,STARFRUIT,SEASHELLS,5038.0,2
50400,Vladimir,Remy,AMETHYSTS,SEASHELLS,9998.0,1
50600,Valentina,Adam,STARFRUIT,SEASHELLS,5032.0,8
50600,Valentina,Remy,STARFRUIT,SEASHELLS,5031.0,1
50600,Remy,Remy,AMETHYSTS,SEASHELLS,10002.0,1
51300,Valentina,Ruby,STARFRUIT,SEASHELLS,5030.0,13
51600,Remy,Valentina,AMETHYSTS,SEASHELLS,10002.0,1
51600,Remy,Vladimir,AMETHYSTS,SEASHELLS,10002.0,1
51600,Remy,Valentina,STARFRUIT,SEASHELLS,5036.0,2
51700,Valentina,Amelia,AMETHYSTS,SEASHELLS,9995.0,11
51700,Valentina,Rhianna,STARFRUIT,SEASHELLS,5031.0,4
51900,Vinnie,Ruby,AMETHYSTS,SEASHELLS,9996.0,1
52100,Valentina,Ruby,AMETHYSTS,SEASHELLS,9995.0,8
52300,Remy,Valentina,STARFRUIT,SEASHELLS,5034.0,1
52300,Remy,Valentina,AMETHYSTS,SEASHELLS,10002.0,1
52600,Valentina,Vinnie,STARFRUIT,SEASHELLS,5032.0,4
52700,Valentina,Remy,STARFRUIT,SEASHELLS,5029.0,1
52900,Ruby,Valentina,AMETHYSTS,SEASHELLS,10005.0,6
53900,Remy,Vinnie,AMETHYSTS,SEASHELLS,10004.0,2
53900,Remy,Valentina,STARFRUIT,SEASHELLS,5035.0,2
54100,Valentina,Remy,STARFRUIT,SEASHELLS,5028.0,1
54100,Vladimir,Remy,AMETHYSTS,SEASHELLS,9998.0,1
54300,Ruby,Vinnie,AMETHYSTS,SEASHELLS,10004.0,2
54300,Ruby,Remy,AMETHYSTS,SEASHELLS,10004.0,1
54300,Remy,Remy,STARFRUIT,SEASHELLS,5032.0,1
54600,Rhianna,Valentina,AMETHYSTS,SEASHELLS,10002.0,3
54700,Valentina,Rhianna,STARFRUIT,SEASHELLS,5030.0,4
55000,Vladimir,Remy,STARFRUIT,SEASHELLS,5030.0,1
55100,Remy,Valentina,AMETHYSTS,SEASHELLS,10005.0,2
55100,Remy,Valentina,STARFRUIT,SEASHELLS,5037.0,2
55200,Valentina,Rhianna,STARFRUIT,SEASHELLS,5031.0,5
55700,Vinnie,Remy,AMETHYSTS,SEASHELLS,9996.0,1
55700,Vladimir,Remy,STARFRUIT,SEASHELLS,5031.0,1
56700,Adam,Vinnie,STARFRUIT,SEASHELLS,5034.0,2
57200,Rhianna,Valentina,AMETHYSTS,SEASHELLS,10002.0,2
57200,Remy,Valentina,STARFRUIT,SEASHELLS,5035.0,1
57500,Rhianna,Valentina,STARFRUIT,SEASHELLS,5034.0,5
57800,Vladimir,Remy,AMETHYSTS,SEASHELLS,9998.0,1
57900,Remy,Remy,AMETHYSTS,SEASHELLS,9998.0,1
57900,Remy,Vinnie,STARFRUIT,SEASHELLS,5032.0,2
58000,Amelia,Valentina,STARFRUIT,SEASHELLS,5036.0,12
58000,Valentina,Rhianna,AMETHYSTS,SEASHELLS,9998.0,4
58100,Ruby,Valentina,AMETHYSTS,SEASHELLS,10005.0,3
58400,Valentina,Ruby,STARFRUIT,SEASHELLS,5029.0,15
58600,Remy,Valentina,AMETHYSTS,SEASHELLS,10002.0,1
58800,Valentina,Amelia,AMETHYSTS,SEASHELLS,9995.0,12
59100,Remy,Valentina,STARFRUIT,SEASHELLS,5037.0,1
59100,Remy,Valentina,AMETHYSTS,SEASHELLS,10005.0,1
59300,Valentina,Remy,STARFRUIT,SEASHELLS,5031.0,1
60000,Remy,Valentina,AMETHYSTS,SEASHELLS,10005.0,1
60000,Remy,Valentina,STARFRUIT,SEASHELLS,5037.0,1
60000,Vladimir,Ruby,AMETHYSTS,SEASHELLS,9998.0,2
60200,Valentina,Amelia,AMETHYSTS,SEASHELLS,9995.0,8
60200,Rhianna,Remy,STARFRUIT,SEASHELLS,5034.0,1
60200,Rhianna,Valentina,STARFRUIT,SEASHELLS,5034.0,3
60700,Remy,Vladimir,STARFRUIT,SEASHELLS,5035.0,1
60800,Vinnie,Remy,STARFRUIT,SEASHELLS,5030.0,1
61200,Valentina,Vinnie,STARFRUIT,SEASHELLS,5032.0,2
61900,Remy,Remy,AMETHYSTS,SEASHELLS,9998.0,1
61900,Remy,Valentina,STARFRUIT,SEASHELLS,5035.0,2
62000,Remy,Valentina,STARFRUIT,SEASHELLS,5034.0,1
62200,Rhianna,Vladimir,AMETHYSTS,SEASHELLS,10002.0,4
62300,Ruby,Valentina,AMETHYSTS,SEASHELLS,10005.0,2
62900,Valentina,Rhianna,AMETHYSTS,SEASHELLS,9998.0,4
63000,Remy,Vladimir,STARFRUIT,SEASHELLS,5033.0,1
63100,Vinnie,Remy,STARFRUIT,SEASHELLS,5028.0,1
63400,Adam,Vladimir,STARFRUIT,SEASHELLS,5032.0,5
63600,Remy,Valentina,STARFRUIT,SEASHELLS,5032.0,1
63800,Valentina,Remy,STARFRUIT,SEASHELLS,5027.0,1
63900,Valentina,Amelia,AMETHYSTS,SEASHELLS,9995.0,12
64000,Valentina,Remy,STARFRUIT,SEASHELLS,5027.0,1
64000,Vladimir,Remy,AMETHYSTS,SEASHELLS,9998.0,1
64200,Vinnie,Ruby,AMETHYSTS,SEASHELLS,9996.0,1
64200,Valentina,Ruby,AMETHYSTS,SEASHELLS,9996.0,2
64400,Vladimir,Ruby,AMETHYSTS,SEASHELLS,9998.0,4
64500,Vladimir,Remy,AMETHYSTS,SEASHELLS,9998.0,1
65000,Valentina,Remy,AMETHYSTS,SEASHELLS,9998.0,1
65100,Valentina,Ruby,AMETHYSTS,SEASHELLS,9996.0,1
65100,Vinnie,Ruby,AMETHYSTS,SEASHELLS,9996.0,2
65300,Ruby,Vladimir,AMETHYSTS,SEASHELLS,10002.0,2
65400,Valentina,Vinnie,STARFRUIT,SEASHELLS,5030.0,3
66000,Vladimir,Remy,AMETHYSTS,SEASHELLS,9998.0,1
66300,Remy,Valentina,STARFRUIT,SEASHELLS,5033.0,1
66900,Remy,Valentina,STARFRUIT,SEASHELLS,5032.0,1
67100,Ruby,Valentina,STARFRUIT,SEASHELLS,5034.0,9
67200,Valentina,Remy,STARFRUIT,SEASHELLS,5027.0,1
67300,Vladimir,Adam,AMETHYSTS,SEASHELLS,9998.0,5
67500,Valentina,Remy,STARFRUIT,SEASHELLS,5027.0,1
67600,Ruby,Valentina,STARFRUIT,SEASHELLS,5034.0,12
68000,Valentina,Ruby,STARFRUIT,SEASHELLS,5026.0,6
68100,Vladimir,Rhianna,AMETHYSTS,SEASHELLS,9998.0,2
68200,Remy,Valentina,STARFRUIT,SEASHELLS,5031.0,1
68300,Remy,Valentina,STARFRUIT,SEASHELLS,5032.0,1
68600,Valentina,Remy,STARFRUIT,SEASHELLS,5027.0,1
68900,Remy,Valentina,STARFRUIT,SEASHELLS,5032.0,1
69100,Vinnie,Adam,STARFRUIT,SEASHELLS,5026.0,1
69100,Vladimir,Adam,STARFRUIT,SEASHELLS,5026.0,8
69100,Remy,Adam,STARFRUIT,SEASHELLS,5031.0,1
69200,Remy,Valentina,STARFRUIT,SEASHELLS,5030.0,1
69200,Rhianna,Valentina,STARFRUIT,SEASHELLS,5029.0,2
69300,Remy,Valentina,STARFRUIT,SEASHELLS,5030.0,1
69300,Valentina,Remy,AMETHYSTS,SEASHELLS,9998.0,1
69700,Valentina,Remy,STARFRUIT,SEASHELLS,5025.0,2
69700,Remy,Remy,AMETHYSTS,SEASHELLS,10002.0,1
70100,Vinnie,Remy,STARFRUIT,SEASHELLS,5025.0,1
70300,Vladimir,Rhianna,AMETHYSTS,SEASHELLS,9998.0,2
70600,Vinnie,Remy,AMETHYSTS,SEASHELLS,9996.0,1
70600,Vladimir,Remy,STARFRUIT,SEASHELLS,5026.0,2
70800,Valentina,Remy,STARFRUIT,SEASHELLS,5025.0,1
71200,Remy,Valentina,AMETHYSTS,SEASHELLS,10002.0,1
71200,Valentina,Remy,STARFRUIT,SEASHELLS,5026.0,1
71500,Rhianna,Vladimir,AMETHYSTS,SEASHELLS,10002.0,3
71700,Valentina,Ruby,STARFRUIT,SEASHELLS,5026.0,8
71900,Remy,Valentina,AMETHYSTS,SEASHELLS,10002.0,1
72000,Remy,Vladimir,STARFRUIT,SEASHELLS,5030.0,1
72200,Rhianna,Valentina,STARFRUIT,SEASHELLS,5029.0,3
72400,Remy,Valentina,AMETHYSTS,SEASHELLS,10002.0,1
72500,Remy,Vinnie,AMETHYSTS,SEASHELLS,10004.0,1
72500,Remy,Valentina,STARFRUIT,SEASHELLS,5032.0,1
72900,Remy,Valentina,STARFRUIT,SEASHELLS,5031.0,1
72900,Remy,Vinnie,AMETHYSTS,SEASHELLS,10004.0,1
73000,Remy,Vladimir,AMETHYSTS,SEASHELLS,10002.0,1
73000,Vinnie,Remy,STARFRUIT,SEASHELLS,5025.0,1
73100,Remy,Vladimir,AMETHYSTS,SEASHELLS,10002.0,1
73900,Vladimir,Adam,STARFRUIT,SEASHELLS,5026.0,5
73900,Valentina,Adam,STARFRUIT,SEASHELLS,5026.0,3
74000,Remy,Valentina,AMETHYSTS,SEASHELLS,10002.0,1
74300,Vladimir,Remy,STARFRUIT,SEASHELLS,5027.0,1
74900,Remy,Valentina,AMETHYSTS,SEASHELLS,10002.0,1
75000,Valentina,Remy,AMETHYSTS,SEASHELLS,9998.0,1
75000,Remy,Valentina,STARFRUIT,SEASHELLS,5033.0,1
75000,Valentina,Amelia,AMETHYSTS,SEASHELLS,9995.0,9
75200,Rhianna,Valentina,STARFRUIT,SEASHELLS,5031.0,3
75500,Vladimir,Remy,STARFRUIT,SEASHELLS,5027.0,2
75500,Vinnie,Remy,AMETHYSTS,SEASHELLS,9996.0,2
75600,Remy,Valentina,AMETHYSTS,SEASHELLS,10002.0,1
75900,Valentina,Ruby,STARFRUIT,SEASHELLS,5027.0,6
76100,Valentina,Remy,AMETHYSTS,SEASHELLS,9998.0,1
76200,Vinnie,Amelia,STARFRUIT,SEASHELLS,5028.0,1
76200,Valentina,Amelia,STARFRUIT,SEASHELLS,5028.0,13
76900,Vladimir,Adam,STARFRUIT,SEASHELLS,5028.0,5
77000,Remy,Valentina,STARFRUIT,SEASHELLS,5034.0,2
77000,Remy,Vladimir,AMETHYSTS,SEASHELLS,10002.0,2
77100,Rhianna,Valentina,STARFRUIT,SEASHELLS,5032.0,2
77200,Vinnie,Amelia,STARFRUIT,SEASHELLS,5028.0,1
77200,Remy,Vladimir,STARFRUIT,SEASHELLS,5033.0,1
77600,Vladimir,Amelia,STARFRUIT,SEASHELLS,5029.0,3
77600,Vinnie,Amelia,STARFRUIT,SEASHELLS,5029.0,2
77900,Rhianna,Valentina,AMETHYSTS,SEASHELLS,10002.0,3
78100,Remy,Valentina,AMETHYSTS,SEASHELLS,10002.0,1
78100,Valentina,Rhianna,STARFRUIT,SEASHELLS,5031.0,3
78100,Valentina,Remy,STARFRUIT,SEASHELLS,5030.0,1
78500,Amelia,Valentina,AMETHYSTS,SEASHELLS,10004.0,10
78500,Amelia,Vinnie,AMETHYSTS,SEASHELLS,10004.0,1
78800,Remy,Valentina,AMETHYSTS,SEASHELLS,10002.0,1
78900,Remy,Valentina,STARFRUIT,SEASHELLS,5035.0,1
78900,Remy,Valentina,AMETHYSTS,SEASHELLS,10002.0,1
79000,Valentina,Rhianna,STARFRUIT,SEASHELLS,5032.0,3
79100,Valentina,Remy,STARFRUIT,SEASHELLS,5031.0,1
79200,Valentina,Rhianna,STARFRUIT,SEASHELLS,5032.0,5
79200,Valentina,Rhianna,AMETHYSTS,SEASHELLS,9998.0,3
79400,Valentina,Remy,STARFRUIT,SEASHELLS,5032.0,1
79600,Valentina,Amelia,STARFRUIT,SEASHELLS,5031.0,13
79900,Vladimir,Rhianna,AMETHYSTS,SEASHELLS,9998.0,3
79900,Valentina,Remy,STARFRUIT,SEASHELLS,5031.0,1
80500,Valentina,Vinnie,STARFRUIT,SEASHELLS,5033.0,6
80600,Rhianna,Valentina,STARFRUIT,SEASHELLS,5034.0,4
80900,Vladimir,Remy,STARFRUIT,SEASHELLS,5031.0,1
81100,Remy,Valentina,STARFRUIT,SEASHELLS,5036.0,1
81400,Amelia,Vinnie,AMETHYSTS,SEASHELLS,10004.0,1
81800,Rhianna,Valentina,AMETHYSTS,SEASHELLS,10002.0,1
81900,Valentina,Rhianna,AMETHYSTS,SEASHELLS,9998.0,1
82500,Valentina,Remy,STARFRUIT,SEASHELLS,5033.0,1
82600,Valentina,Rhianna,STARFRUIT,SEASHELLS,5035.0,3
82600,Remy,Rhianna,STARFRUIT,SEASHELLS,5035.0,1
82800,Remy,Valentina,STARFRUIT,SEASHELLS,5041.0,1
82800,Remy,Vladimir,AMETHYSTS,SEASHELLS,10002.0,1
83100,Valentina,Rhianna,STARFRUIT,SEASHELLS,5035.0,3
83100,Valentina,Remy,AMETHYSTS,SEASHELLS,9998.0,1
83100,Remy,Rhianna,STARFRUIT,SEASHELLS,5035.0,1
83700,Valentina,Remy,STARFRUIT,SEASHELLS,5035.0,1
84100,Vinnie,Amelia,AMETHYSTS,SEASHELLS,9996.0,1
84100,Valentina,Amelia,AMETHYSTS,SEASHELLS,9996.0,8
84200,Valentina,Ruby,AMETHYSTS,SEASHELLS,9996.0,1
84200,Vinnie,Ruby,AMETHYSTS,SEASHELLS,9996.0,2
84200,Vladimir,Remy,STARFRUIT,SEASHELLS,5036.0,1
84300,Ruby,Vinnie,AMETHYSTS,SEASHELLS,10004.0,2
84500,Vladimir,Remy,STARFRUIT,SEASHELLS,5036.0,1
85100,Amelia,Ruby,STARFRUIT,SEASHELLS,5041.0,13
85100,Amelia,Vinnie,STARFRUIT,SEASHELLS,5041.0,1
85600,Rhianna,Valentina,STARFRUIT,SEASHELLS,5041.0,4
85800,Valentina,Remy,STARFRUIT,SEASHELLS,5037.0,1
85900,Valentina,Remy,AMETHYSTS,SEASHELLS,9998.0,1
86100,Remy,Valentina,AMETHYSTS,SEASHELLS,10002.0,1
86200,Valentina,Rhianna,STARFRUIT,SEASHELLS,5037.0,3
86700,Vinnie,Remy,STARFRUIT,SEASHELLS,5036.0,1
86700,Vinnie,Remy,AMETHYSTS,SEASHELLS,9998.0,1
87200,Vinnie,Amelia,AMETHYSTS,SEASHELLS,9996.0,1
87400,Vinnie,Remy,STARFRUIT,SEASHELLS,5036.0,1
87700,Valentina,Remy,STARFRUIT,SEASHELLS,5035.0,1
87900,Remy,Valentina,AMETHYSTS,SEASHELLS,10005.0,1
87900,Remy,Valentina,STARFRUIT,SEASHELLS,5042.0,1
88000,Vinnie,Remy,AMETHYSTS,SEASHELLS,9996.0,2
88000,Valentina,Remy,STARFRUIT,SEASHELLS,5036.0,2
88100,Amelia,Valentina,STARFRUIT,SEASHELLS,5042.0,8
88300,Vinnie,Remy,STARFRUIT,SEASHELLS,5036.0,1
88500,Remy,Vladimir,STARFRUIT,SEASHELLS,5041.0,1
89100,Vladimir,Remy,STARFRUIT,SEASHELLS,5037.0,1
89100,Vladimir,Remy,AMETHYSTS,SEASHELLS,9998.0,1
89200,Remy,Vladimir,AMETHYSTS,SEASHELLS,10002.0,1
89600,Ruby,Vladimir,STARFRUIT,SEASHELLS,5041.0,6
89600,Vinnie,Remy,AMETHYSTS,SEASHELLS,9996.0,1
89600,Ruby,Remy,STARFRUIT,SEASHELLS,5041.0,2
89800,Valentina,Remy,STARFRUIT,SEASHELLS,5037.0,1
89900,Valentina,Remy,STARFRUIT,SEASHELLS,5037.0,2
89900,Valentina,Remy,AMETHYSTS,SEASHELLS,9995.0,2
90000,Vladimir,Remy,AMETHYSTS,SEASHELLS,9998.0,1
90000,Vladimir,Rhianna,AMETHYSTS,SEASHELLS,9998.0,1
90100,Rhianna,Vladimir,AMETHYSTS,SEASHELLS,10002.0,3
90300,Vladimir,Remy,AMETHYSTS,SEASHELLS,9998.0,1
90900,Remy,Valentina,STARFRUIT,SEASHELLS,5043.0,1
91000,Remy,Valentina,STARFRUIT,SEASHELLS,5043.0,1
91100,Vinnie,Remy,AMETHYSTS,SEASHELLS,9996.0,1
91100,Valentina,Remy,STARFRUIT,SEASHELLS,5037.0,1
91200,Valentina,Remy,STARFRUIT,SEASHELLS,5037.0,1
91200,Valentina,Remy,AMETHYSTS,SEASHELLS,9995.0,1
91500,Valentina,Ruby,STARFRUIT,SEASHELLS,5037.0,15
91700,Remy,Valentina,STARFRUIT,SEASHELLS,5043.0,1
91700,Rhianna,Valentina,STARFRUIT,SEASHELLS,5042.0,4
91700,Valentina,Rhianna,AMETHYSTS,SEASHELLS,9998.0,1
92100,Valentina,Remy,AMETHYSTS,SEASHELLS,9998.0,1
92200,Valentina,Remy,AMETHYSTS,SEASHELLS,9996.0,1
92200,Vinnie,Remy,AMETHYSTS,SEASHELLS,9996.0,1
92200,Valentina,Remy,STARFRUIT,SEASHELLS,5040.0,2
92200,Valentina,Ruby,STARFRUIT,SEASHELLS,5040.0,8
92300,Amelia,Vinnie,STARFRUIT,SEASHELLS,5046.0,1
92700,Rhianna,Vladimir,AMETHYSTS,SEASHELLS,10002.0,2
92700,Vladimir,Remy,STARFRUIT,SEASHELLS,5041.0,1
92700,Vladimir,Remy,STARFRUIT,SEASHELLS,5040.0,1
92700,Rhianna,Remy,AMETHYSTS,SEASHELLS,10002.0,1
92900,Vladimir,Remy,AMETHYSTS,SEASHELLS,9998.0,1
92900,Valentina,Remy,STARFRUIT,SEASHELLS,5040.0,1
93100,Rhianna,Valentina,STARFRUIT,SEASHELLS,5044.0,3
93200,Remy,Vladimir,STARFRUIT,SEASHELLS,5044.0,1
93300,Remy,Valentina,STARFRUIT,SEASHELLS,5044.0,1
93400,Ruby,Rhianna,AMETHYSTS,SEASHELLS,9998.0,3
93600,Remy,Vinnie,AMETHYSTS,SEASHELLS,10004.0,1
93600,Remy,Valentina,STARFRUIT,SEASHELLS,5046.0,1
93800,Valentina,Rhianna,AMETHYSTS,SEASHELLS,9998.0,1
94200,Remy,Vladimir,AMETHYSTS,SEASHELLS,10002.0,1
94300,Remy,Valentina,AMETHYSTS,SEASHELLS,10002.0,1
94400,Remy,Valentina,AMETHYSTS,SEASHELLS,10005.0,1
94400,Remy,Valentina,STARFRUIT,SEASHELLS,5045.0,1
94600,Vladimir,Remy,AMETHYSTS,SEASHELLS,9998.0,1
94900,Ruby,Valentina,STARFRUIT,SEASHELLS,5047.0,6
95000,Remy,Valentina,AMETHYSTS,SEASHELLS,10005.0,1
95000,Ruby,Vinnie,AMETHYSTS,SEASHELLS,10004.0,1
95000,Remy,Vinnie,STARFRUIT,SEASHELLS,5046.0,1
95600,Valentina,Remy,STARFRUIT,SEASHELLS,5039.0,1
95700,Rhianna,Valentina,AMETHYSTS,SEASHELLS,10002.0,1
95800,Ruby,Valentina,AMETHYSTS,SEASHELLS,10005.0,7
96000,Valentina,Remy,STARFRUIT,SEASHELLS,5038.0,2
96000,Vinnie,Remy,AMETHYSTS,SEASHELLS,9996.0,1
96200,Valentina,Remy,STARFRUIT,SEASHELLS,5039.0,1
96200,Valentina,Rhianna,AMETHYSTS,SEASHELLS,9998.0,5
96300,Valentina,Remy,STARFRUIT,SEASHELLS,5039.0,1
96800,Rhianna,Valentina,AMETHYSTS,SEASHELLS,10002.0,3
96900,Valentina,Amelia,STARFRUIT,SEASHELLS,5039.0,14
97100,Valentina,Remy,STARFRUIT,SEASHELLS,5039.0,1
97100,Valentina,Remy,AMETHYSTS,SEASHELLS,9995.0,1
97200,Valentina,Vinnie,STARFRUIT,SEASHELLS,5041.0,3
97200,Vinnie,Ruby,STARFRUIT,SEASHELLS,5039.0,1
97200,Valentina,Ruby,STARFRUIT,SEASHELLS,5039.0,9
97300,Valentina,Remy,STARFRUIT,SEASHELLS,5039.0,1
97600,Amelia,Vladimir,AMETHYSTS,SEASHELLS,10002.0,7
97700,Remy,Vladimir,STARFRUIT,SEASHELLS,5044.0,1
97900,Vinnie,Remy,STARFRUIT,SEASHELLS,5039.0,1
98400,Ruby,Vladimir,STARFRUIT,SEASHELLS,5043.0,7
98800,Remy,Valentina,STARFRUIT,SEASHELLS,5043.0,1
98800,Remy,Valentina,AMETHYSTS,SEASHELLS,10002.0,1
98900,Amelia,Valentina,STARFRUIT,SEASHELLS,5045.0,15
99000,Valentina,Remy,STARFRUIT,SEASHELLS,5038.0,1
99400,Remy,Valentina,AMETHYSTS,SEASHELLS,10005.0,2
99400,Remy,Valentina,STARFRUIT,SEASHELLS,5045.0,2
99800,Ruby,Valentina,STARFRUIT,SEASHELLS,5046.0,4
100000,Remy,Vladimir,STARFRUIT,SEASHELLS,5044.0,1
100000,Remy,Vinnie,AMETHYSTS,SEASHELLS,10004.0,1
100200,Vladimir,Remy,AMETHYSTS,SEASHELLS,9998.0,1
100500,Valentina,Ruby,AMETHYSTS,SEASHELLS,9995.0,8
100700,Rhianna,Valentina,AMETHYSTS,SEASHELLS,10002.0,1
101200,Ruby,Remy,STARFRUIT,SEASHELLS,5040.0,1
101200,Remy,Valentina,AMETHYSTS,SEASHELLS,10005.0,2
101200,Remy,Valentina,STARFRUIT,SEASHELLS,5046.0,2
101500,Vinnie,Remy,STARFRUIT,SEASHELLS,5040.0,1
101500,Vinnie,Rhianna,AMETHYSTS,SEASHELLS,9998.0,3
101500,Remy,Vinnie,AMETHYSTS,SEASHELLS,10004.0,2
101500,Remy,Valentina,STARFRUIT,SEASHELLS,5046.0,2
101600,Valentina,Rhianna,STARFRUIT,SEASHELLS,5041.0,5
101600,Valentina,Remy,STARFRUIT,SEASHELLS,5040.0,1
102200,Remy,Vladimir,STARFRUIT,SEASHELLS,5045.0,2
102200,Remy,Vladimir,STARFRUIT,SEASHELLS,5045.0,1
102200,Remy,Valentina,AMETHYSTS,SEASHELLS,10005.0,2
102300,Vinnie,Rhianna,AMETHYSTS,SEASHELLS,9998.0,4
102600,Vinnie,Rhianna,AMETHYSTS,SEASHELLS,9998.0,2
102600,Vinnie,Rhianna,STARFRUIT,SEASHELLS,5044.0,2
102600,Vladimir,Rhianna,AMETHYSTS,SEASHELLS,9998.0,1
102700,Ruby,Valentina,AMETHYSTS,SEASHELLS,10005.0,6
103100,Remy,Valentina,STARFRUIT,SEASHELLS,5047.0,1
103400,Remy,Vinnie,AMETHYSTS,SEASHELLS,10002.0,1
103400,Valentina,Remy,STARFRUIT,SEASHELLS,5041.0,1
104000,Remy,Valentina,STARFRUIT,SEASHELLS,5048.0,1
104300,Valentina,Remy,STARFRUIT,SEASHELLS,5042.0,1
104700,Remy,Valentina,AMETHYSTS,SEASHELLS,10002.0,1
104900,Remy,Vladimir,STARFRUIT,SEASHELLS,5046.0,1
104900,Remy,Vinnie,AMETHYSTS,SEASHELLS,10004.0,1
105200,Adam,Remy,STARFRUIT,SEASHELLS,5041.0,1
105200,Adam,Valentina,STARFRUIT,SEASHELLS,5046.0,7
105400,Remy,Valentina,AMETHYSTS,SEASHELLS,10002.0,1
105700,Remy,Valentina,STARFRUIT,SEASHELLS,5047.0,1
106100,Vinnie,Ruby,AMETHYSTS,SEASHELLS,9996.0,2
106100,Valentina,Ruby,AMETHYSTS,SEASHELLS,9996.0,5
106200,Ruby,Valentina,STARFRUIT,SEASHELLS,5048.0,13
106300,Vladimir,Remy,STARFRUIT,SEASHELLS,5042.0,1
106300,Vladimir,Ruby,STARFRUIT,SEASHELLS,5042.0,4
106300,Remy,Rhianna,AMETHYSTS,SEASHELLS,9998.0,1
106300,Vinnie,Ruby,STARFRUIT,SEASHELLS,5042.0,2
106500,Amelia,Valentina,AMETHYSTS,SEASHELLS,10005.0,10
106600,Vladimir,Rhianna,AMETHYSTS,SEASHELLS,9998.0,2
107400,Valentina,Remy,AMETHYSTS,SEASHELLS,9995.0,1
107400,Vladimir,Remy,STARFRUIT,SEASHELLS,5042.0,1
107600,Remy,Vladimir,STARFRUIT,SEASHELLS,5047.0,1
108100,Valentina,Remy,AMETHYSTS,SEASHELLS,9998.0,1
108400,Remy,Valentina,STARFRUIT,SEASHELLS,5047.0,1
108500,Valentina,Remy,STARFRUIT,SEASHELLS,5041.0,1
108600,Valentina,Rhianna,AMETHYSTS,SEASHELLS,9998.0,3
108600,Valentina,Remy,AMETHYSTS,SEASHELLS,9998.0,1
109000,Vladimir,Remy,STARFRUIT,SEASHELLS,5041.0,1
109100,Valentina,Remy,STARFRUIT,SEASHELLS,5041.0,1
109300,Amelia,Valentina,STARFRUIT,SEASHELLS,5048.0,11
109300,Vladimir,Remy,STARFRUIT,SEASHELLS,5042.0,1
109700,Valentina,Remy,STARFRUIT,SEASHELLS,5041.0,1
110000,Vinnie,Ruby,AMETHYSTS,SEASHELLS,9996.0,1
110100,Vinnie,Remy,STARFRUIT,SEASHELLS,5039.0,1
110400,Amelia,Valentina,AMETHYSTS,SEASHELLS,10005.0,10
110400,Valentina,Adam,STARFRUIT,SEASHELLS,5040.0,7
110700,Rhianna,Valentina,STARFRUIT,SEASHELLS,5044.0,3
111000,Ruby,Rhianna,AMETHYSTS,SEASHELLS,9998.0,1
111000,Remy,Ruby,STARFRUIT,SEASHELLS,5045.0,1
111100,Valentina,Rhianna,AMETHYSTS,SEASHELLS,9998.0,4
111100,Amelia,Valentina,STARFRUIT,SEASHELLS,5046.0,15
111300,Vladimir,Remy,STARFRUIT,SEASHELLS,5041.0,1
111700,Vladimir,Remy,STARFRUIT,SEASHELLS,5040.0,1
112100,Valentina,Rhianna,AMETHYSTS,SEASHELLS,9998.0,5
112200,Remy,Valentina,STARFRUIT,SEASHELLS,5044.0,1
113000,Adam,Vladimir,AMETHYSTS,SEASHELLS,10002.0,6
113300,Valentina,Rhianna,STARFRUIT,SEASHELLS,5040.0,5
113700,Vladimir,Amelia,STARFRUIT,SEASHELLS,5040.0,6
113700,Vladimir,Remy,STARFRUIT,SEASHELLS,5040.0,1
113700,Valentina,Amelia,STARFRUIT,SEASHELLS,5040.0,5
113700,Vinnie,Amelia,STARFRUIT,SEASHELLS,5040.0,1
113800,Ruby,Valentina,STARFRUIT,SEASHELLS,5046.0,13
113800,Remy,Remy,AMETHYSTS,SEASHELLS,10002.0,1
113800,Valentina,Remy,STARFRUIT,SEASHELLS,5039.0,2
114100,Remy,Valentina,STARFRUIT,SEASHELLS,5044.0,1
114400,Amelia,Vladimir,AMETHYSTS,SEASHELLS,10002.0,2
114800,Ruby,Valentina,STARFRUIT,SEASHELLS,5045.0,15
115100,Remy,Valentina,STARFRUIT,SEASHELLS,5043.0,1
115300,Valentina,Remy,AMETHYSTS,SEASHELLS,9998.0,1
115700,Remy,Valentina,STARFRUIT,SEASHELLS,5042.0,1
116000,Amelia,Remy,STARFRUIT,SEASHELLS,5038.0,1
116200,Valentina,Remy,AMETHYSTS,SEASHELLS,9995.0,1
116200,Valentina,Remy,STARFRUIT,SEASHELLS,5038.0,1
116800,Rhianna,Valentina,AMETHYSTS,SEASHELLS,10002.0,3
116900,Vinnie,Amelia,AMETHYSTS,SEASHELLS,9996.0,1
116900,Valentina,Amelia,AMETHYSTS,SEASHELLS,9996.0,7
117500,Valentina,Rhianna,STARFRUIT,SEASHELLS,5040.0,2
117700,Valentina,Ruby,STARFRUIT,SEASHELLS,5040.0,5
117900,Vladimir,Rhianna,STARFRUIT,SEASHELLS,5041.0,4
118100,Rhianna,Vladimir,AMETHYSTS,SEASHELLS,10002.0,1
118200,Valentina,Remy,STARFRUIT,SEASHELLS,5041.0,1
118300,Valentina,Remy,STARFRUIT,SEASHELLS,5040.0,1
118500,Valentina,Remy,STARFRUIT,SEASHELLS,5040.0,1
118700,Valentina,Adam,STARFRUIT,SEASHELLS,5040.0,10
119100,Rhianna,Valentina,STARFRUIT,SEASHELLS,5043.0,2
119300,Amelia,Remy,AMETHYSTS,SEASHELLS,9998.0,1
119600,Valentina,Remy,STARFRUIT,SEASHELLS,5039.0,1
119800,Vinnie,Remy,AMETHYSTS,SEASHELLS,10000.0,1
119800,Vinnie,Remy,STARFRUIT,SEASHELLS,5043.0,1
119800,Remy,Vladimir,STARFRUIT,SEASHELLS,5045.0,1
119900,Valentina,Remy,STARFRUIT,SEASHELLS,5041.0,1
120000,Remy,Valentina,AMETHYSTS,SEASHELLS,10002.0,1
120300,Vinnie,Remy,AMETHYSTS,SEASHELLS,9996.0,2
120300,Vladimir,Remy,STARFRUIT,SEASHELLS,5042.0,2
120400,Valentina,Rhianna,STARFRUIT,SEASHELLS,5043.0,2
120500,Remy,Vladimir,AMETHYSTS,SEASHELLS,10002.0,1
120500,Remy,Ruby,STARFRUIT,SEASHELLS,5043.0,1
120500,Amelia,Ruby,STARFRUIT,SEASHELLS,5043.0,5
120500,Amelia,Rhianna,STARFRUIT,SEASHELLS,5043.0,3
120500,Valentina,Ruby,STARFRUIT,SEASHELLS,5043.0,4
120600,Vladimir,Remy,STARFRUIT,SEASHELLS,5041.0,1
121100,Valentina,Remy,STARFRUIT,SEASHELLS,5042.0,1
121500,Rhianna,Remy,AMETHYSTS,SEASHELLS,10002.0,1
121500,Remy,Vladimir,STARFRUIT,SEASHELLS,5047.0,1
121800,Remy,Vladimir,AMETHYSTS,SEASHELLS,10002.0,1
121900,Remy,Valentina,STARFRUIT,SEASHELLS,5045.0,1
122300,Vladimir,Ruby,STARFRUIT,SEASHELLS,5039.0,3
122300,Valentina,Ruby,STARFRUIT,SEASHELLS,5039.0,2
122600,Remy,Valentina,STARFRUIT,SEASHELLS,5044.0,1
122800,Amelia,Vladimir,STARFRUIT,SEASHELLS,5044.0,6
122900,Remy,Valentina,STARFRUIT,SEASHELLS,5045.0,1
123000,Valentina,Remy,STARFRUIT,SEASHELLS,5039.0,1
123000,Vladimir,Remy,AMETHYSTS,SEASHELLS,9998.0,1
123200,Ruby,Rhianna,STARFRUIT,SEASHELLS,5042.0,4
123600,Vinnie,Ruby,STARFRUIT,SEASHELLS,5042.0,1
123700,Adam,Valentina,AMETHYSTS,SEASHELLS,10002.0,6
123800,Valentina,Remy,AMETHYSTS,SEASHELLS,9998.0,1
123800,Remy,Valentina,STARFRUIT,SEASHELLS,5048.0,1
124000,Remy,Valentina,STARFRUIT,SEASHELLS,5049.0,2
124000,Remy,Valentina,AMETHYSTS,SEASHELLS,10005.0,2
124600,Rhianna,Vladimir,STARFRUIT,SEASHELLS,5046.0,1
125200,Rhianna,Valentina,AMETHYSTS,SEASHELLS,10002.0,4
125300,Vladimir,Remy,STARFRUIT,SEASHELLS,5042.0,1
125400,Remy,Rhianna,AMETHYSTS,SEASHELLS,9998.0,1
125400,Vladimir,Rhianna,AMETHYSTS,SEASHELLS,9998.0,1
125900,Valentina,Vinnie,STARFRUIT,SEASHELLS,5046.0,6
126300,Valentina,Remy,STARFRUIT,SEASHELLS,5041.0,2
126300,Valentina,Remy,AMETHYSTS,SEASHELLS,9995.0,2
126400,Vladimir,Remy,STARFRUIT,SEASHELLS,5043.0,2
126400,Valentina,Remy,AMETHYSTS,SEASHELLS,9995.0,2
126400,Vladimir,Remy,STARFRUIT,SEASHELLS,5042.0,1
126700,Rhianna,Valentina,AMETHYSTS,SEASHELLS,10002.0,2
127000,Valentina,Remy,AMETHYSTS,SEASHELLS,9995.0,2
127000,Valentina,Remy,STARFRUIT,SEASHELLS,5042.0,2
127400,Remy,Vladimir,STARFRUIT,SEASHELLS,5047.0,2
127400,Remy,Valentina,AMETHYSTS,SEASHELLS,10005.0,2
127500,Vinnie,Remy,STARFRUIT,SEASHELLS,5043.0,1
127900,Amelia,Vinnie,AMETHYSTS,SEASHELLS,10004.0,2
127900,Amelia,Valentina,AMETHYSTS,SEASHELLS,10004.0,7
128200,Remy,Valentina,AMETHYSTS,SEASHELLS,10002.0,1
128400,Valentina,Remy,STARFRUIT,SEASHELLS,5043.0,1
128400,Vinnie,Remy,AMETHYSTS,SEASHELLS,9996.0,1
128400,Valentina,Rhianna,STARFRUIT,SEASHELLS,5045.0,2
128700,Ruby,Valentina,AMETHYSTS,SEASHELLS,10005.0,6
128900,Remy,Valentina,STARFRUIT,SEASHELLS,5048.0,1
128900,Rhianna,Valentina,STARFRUIT,SEASHELLS,5047.0,4
128900,Rhianna,Valentina,AMETHYSTS,SEASHELLS,10002.0,2
129700,Valentina,Vinnie,STARFRUIT,SEASHELLS,5048.0,3
130300,Remy,Valentina,AMETHYSTS,SEASHELLS,10002.0,1
130400,Vinnie,Remy,STARFRUIT,SEASHELLS,5046.0,1
130700,Remy,Valentina,STARFRUIT,SEASHELLS,5051.0,1
131000,Remy,Vladimir,STARFRUIT,SEASHELLS,5051.0,1
131700,Valentina,Amelia,STARFRUIT,SEASHELLS,5043.0,9
131800,Valentina,Rhianna,STARFRUIT,SEASHELLS,5044.0,4
131800,Valentina,Ruby,STARFRUIT,SEASHELLS,5042.0,12
131800,Valentina,Remy,STARFRUIT,SEASHELLS,5043.0,1
132100,Remy,Rhianna,AMETHYSTS,SEASHELLS,9998.0,1
132100,Vladimir,Rhianna,AMETHYSTS,SEASHELLS,9998.0,3
132300,Rhianna,Valentina,AMETHYSTS,SEASHELLS,10002.0,4
132400,Remy,Valentina,STARFRUIT,SEASHELLS,5048.0,1
132400,Remy,Vinnie,AMETHYSTS,SEASHELLS,10004.0,1
132500,Valentina,Amelia,STARFRUIT,SEASHELLS,5041.0,14
132500,Vladimir,Remy,AMETHYSTS,SEASHELLS,9998.0,1
132500,Valentina,Remy,STARFRUIT,SEASHELLS,5041.0,1
133000,Valentina,Ruby,STARFRUIT,SEASHELLS,5041.0,13
133100,Rhianna,Valentina,AMETHYSTS,SEASHELLS,10002.0,5
133100,Ruby,Valentina,AMETHYSTS,SEASHELLS,10004.0,4
133100,Ruby,Vinnie,AMETHYSTS,SEASHELLS,10004.0,1
133200,Vinnie,Ruby,AMETHYSTS,SEASHELLS,9996.0,1
133400,Valentina,Remy,STARFRUIT,SEASHELLS,5041.0,1
133400,Vladimir,Ruby,AMETHYSTS,SEASHELLS,9998.0,2
133500,Remy,Vladimir,STARFRUIT,SEASHELLS,5046.0,1
133700,Valentina,Remy,STARFRUIT,SEASHELLS,5041.0,1
134000,Remy,Vinnie,STARFRUIT,SEASHELLS,5044.0,1
134000,Valentina,Vinnie,STARFRUIT,SEASHELLS,5042.0,2
134100,Vladimir,Rhianna,AMETHYSTS,SEASHELLS,9998.0,2
134200,Remy,Valentina,AMETHYSTS,SEASHELLS,10002.0,1
134300,Remy,Valentina,AMETHYSTS,SEASHELLS,10002.0,1
134600,Ruby,Valentina,AMETHYSTS,SEASHELLS,10004.0,1
134600,Ruby,Vinnie,AMETHYSTS,SEASHELLS,10004.0,1
134700,Ruby,Valentina,AMETHYSTS,SEASHELLS,10004.0,1
134700,Ruby,Vinnie,AMETHYSTS,SEASHELLS,10004.0,1
134700,Rhianna,Valentina,AMETHYSTS,SEASHELLS,10002.0,4
134900,Valentina,Rhianna,AMETHYSTS,SEASHELLS,9998.0,1
134900,Remy,Rhianna,AMETHYSTS,SEASHELLS,9998.0,1
135400,Valentina,Ruby,STARFRUIT,SEASHELLS,5039.0,9
135500,Remy,Vladimir,STARFRUIT,SEASHELLS,5044.0,1
135600,Remy,Valentina,AMETHYSTS,SEASHELLS,10002.0,1
135800,Valentina,Vinnie,STARFRUIT,SEASHELLS,5042.0,3
135900,Remy,Valentina,STARFRUIT,SEASHELLS,5046.0,2
135900,Remy,Valentina,AMETHYSTS,SEASHELLS,10005.0,2
136000,Valentina,Remy,AMETHYSTS,SEASHELLS,9998.0,1
136300,Remy,Ruby,AMETHYSTS,SEASHELLS,10002.0,1
136500,Remy,Vinnie,AMETHYSTS,SEASHELLS,10004.0,2
136500,Remy,Rhianna,STARFRUIT,SEASHELLS,5040.0,1
137000,Vinnie,Ruby,AMETHYSTS,SEASHELLS,9996.0,1
137100,Amelia,Vladimir,AMETHYSTS,SEASHELLS,10002.0,3
137400,Ruby,Vladimir,AMETHYSTS,SEASHELLS,10002.0,3
137600,Remy,Vladimir,STARFRUIT,SEASHELLS,5045.0,1
137700,Vladimir,Adam,AMETHYSTS,SEASHELLS,9998.0,2
137700,Valentina,Rhianna,STARFRUIT,SEASHELLS,5041.0,3
137900,Remy,Vinnie,AMETHYSTS,SEASHELLS,10004.0,1
137900,Remy,Valentina,STARFRUIT,SEASHELLS,5045.0,1
138100,Vinnie,Amelia,AMETHYSTS,SEASHELLS,9996.0,2
138100,Valentina,Amelia,AMETHYSTS,SEASHELLS,9996.0,7
138300,Valentina,Ruby,AMETHYSTS,SEASHELLS,9995.0,7
138500,Amelia,Valentina,STARFRUIT,SEASHELLS,5044.0,11
138500,Amelia,Vinnie,STARFRUIT,SEASHELLS,5044.0,2
138500,Valentina,Remy,STARFRUIT,SEASHELLS,5038.0,1
138600,Valentina,Vinnie,STARFRUIT,SEASHELLS,5041.0,2
138600,Valentina,Remy,STARFRUIT,SEASHELLS,5038.0,1
138900,Vinnie,Ruby,STARFRUIT,SEASHELLS,5038.0,1
138900,Valentina,Ruby,STARFRUIT,SEASHELLS,5038.0,9
139000,Valentina,Remy,STARFRUIT,SEASHELLS,5038.0,1
139400,Vladimir,Remy,STARFRUIT,SEASHELLS,5039.0,1
139400,Rhianna,Valentina,AMETHYSTS,SEASHELLS,10002.0,5
139400,Remy,Valentina,STARFRUIT,SEASHELLS,5045.0,2
139400,Remy,Vinnie,AMETHYSTS,SEASHELLS,10004.0,1
139400,Remy,Valentina,AMETHYSTS,SEASHELLS,10004.0,1
139600,Valentina,Remy,AMETHYSTS,SEASHELLS,9998.0,1
139700,Valentina,Rhianna,STARFRUIT,SEASHELLS,5040.0,4
139700,Valentina,Remy,STARFRUIT,SEASHELLS,5039.0,1
140100,Valentina,Remy,STARFRUIT,SEASHELLS,5039.0,1
141600,Remy,Vladimir,AMETHYSTS,SEASHELLS,10002.0,1
142300,Remy,Valentina,STARFRUIT,SEASHELLS,5043.0,1
142800,Vladimir,Rhianna,AMETHYSTS,SEASHELLS,9998.0,2
143100,Vladimir,Remy,STARFRUIT,SEASHELLS,5039.0,1
143100,Rhianna,Remy,AMETHYSTS,SEASHELLS,10002.0,1
143600,Valentina,Remy,AMETHYSTS,SEASHELLS,9995.0,1
143600,Valentina,Remy,STARFRUIT,SEASHELLS,5039.0,1
144000,Remy,Valentina,STARFRUIT,SEASHELLS,5043.0,1
144200,Remy,Vladimir,STARFRUIT,SEASHELLS,5043.0,1
144600,Rhianna,Valentina,AMETHYSTS,SEASHELLS,10002.0,2
145000,Vladimir,Remy,AMETHYSTS,SEASHELLS,9998.0,1
145000,Valentina,Remy,STARFRUIT,SEASHELLS,5037.0,1
145300,Valentina,Rhianna,AMETHYSTS,SEASHELLS,9998.0,3
145400,Valentina,Remy,STARFRUIT,SEASHELLS,5036.0,1
145400,Vladimir,Remy,AMETHYSTS,SEASHELLS,9998.0,1
145500,Remy,Valentina,AMETHYSTS,SEASHELLS,10002.0,1
145500,Remy,Vladimir,STARFRUIT,SEASHELLS,5042.0,1
145600,Vinnie,Remy,STARFRUIT,SEASHELLS,5037.0,1
145700,Amelia,Valentina,AMETHYSTS,SEASHELLS,10004.0,8
145700,Amelia,Vinnie,AMETHYSTS,SEASHELLS,10004.0,2
146000,Valentina,Ruby,STARFRUIT,SEASHELLS,5036.0,6
146300,Vladimir,Remy,AMETHYSTS,SEASHELLS,9998.0,1
146300,Valentina,Amelia,STARFRUIT,SEASHELLS,5036.0,15
146400,Valentina,Ruby,STARFRUIT,SEASHELLS,5036.0,9
146500,Remy,Vladimir,STARFRUIT,SEASHELLS,5041.0,1
146500,Remy,Valentina,AMETHYSTS,SEASHELLS,10005.0,1
146600,Vinnie,Ruby,AMETHYSTS,SEASHELLS,10000.0,4
146900,Valentina,Remy,STARFRUIT,SEASHELLS,5036.0,1
147200,Ruby,Valentina,STARFRUIT,SEASHELLS,5043.0,14
147600,Valentina,Remy,STARFRUIT,SEASHELLS,5036.0,1
147700,Remy,Valentina,AMETHYSTS,SEASHELLS,10002.0,1
147800,Remy,Ruby,STARFRUIT,SEASHELLS,5041.0,1
148000,Amelia,Valentina,STARFRUIT,SEASHELLS,5043.0,9
148200,Valentina,Remy,STARFRUIT,SEASHELLS,5037.0,1
148700,Remy,Valentina,AMETHYSTS,SEASHELLS,10005.0,2
148700,Remy,Valentina,STARFRUIT,SEASHELLS,5042.0,2
148700,Valentina,Remy,STARFRUIT,SEASHELLS,5035.0,1
149500,Remy,Valentina,STARFRUIT,SEASHELLS,5041.0,1
149700,Ruby,Valentina,STARFRUIT,SEASHELLS,5043.0,5
149800,Remy,Remy,STARFRUIT,SEASHELLS,5041.0,1
149800,Rhianna,Valentina,AMETHYSTS,SEASHELLS,10002.0,3
149800,Rhianna,Remy,AMETHYSTS,SEASHELLS,10002.0,2
150000,Vinnie,Ruby,AMETHYSTS,SEASHELLS,9996.0,1
150200,Remy,Rhianna,AMETHYSTS,SEASHELLS,9998.0,1
150400,Valentina,Remy,STARFRUIT,SEASHELLS,5036.0,1
150500,Remy,Valentina,AMETHYSTS,SEASHELLS,10002.0,1
150600,Valentina,Remy,STARFRUIT,SEASHELLS,5036.0,1
151500,Valentina,Remy,STARFRUIT,SEASHELLS,5035.0,1
151600,Rhianna,Valentina,STARFRUIT,SEASHELLS,5040.0,3
151600,Adam,Valentina,STARFRUIT,SEASHELLS,5040.0,8
151600,Remy,Valentina,STARFRUIT,SEASHELLS,5041.0,1
151600,Rhianna,Ruby,AMETHYSTS,SEASHELLS,10002.0,3
152300,Remy,Vinnie,AMETHYSTS,SEASHELLS,10004.0,2
152300,Amelia,Valentina,STARFRUIT,SEASHELLS,5041.0,9
152300,Remy,Valentina,STARFRUIT,SEASHELLS,5041.0,2
152600,Valentina,Remy,STARFRUIT,SEASHELLS,5034.0,1
153000,Valentina,Ruby,AMETHYSTS,SEASHELLS,9995.0,3
153300,Ruby,Valentina,STARFRUIT,SEASHELLS,5041.0,14
153500,Remy,Valentina,STARFRUIT,SEASHELLS,5041.0,1
153500,Rhianna,Valentina,STARFRUIT,SEASHELLS,5039.0,2
153500,Remy,Rhianna,AMETHYSTS,SEASHELLS,9998.0,1
153600,Amelia,Vinnie,STARFRUIT,SEASHELLS,5041.0,1
154300,Vinnie,Remy,AMETHYSTS,SEASHELLS,9996.0,1
154300,Valentina,Ruby,STARFRUIT,SEASHELLS,5034.0,6
154300,Valentina,Remy,STARFRUIT,SEASHELLS,5034.0,2
154700,Ruby,Valentina,STARFRUIT,SEASHELLS,5042.0,11
154800,Remy,Valentina,AMETHYSTS,SEASHELLS,10002.0,1
154900,Valentina,Amelia,STARFRUIT,SEASHELLS,5035.0,15
155100,Valentina,Remy,STARFRUIT,SEASHELLS,5035.0,1
155200,Remy,Valentina,AMETHYSTS,SEASHELLS,10002.0,1
155500,Valentina,Remy,AMETHYSTS,SEASHELLS,9998.0,1
155700,Remy,Vladimir,STARFRUIT,SEASHELLS,5038.0,1
155700,Remy,Valentina,AMETHYSTS,SEASHELLS,10005.0,1
156200,Valentina,Ruby,STARFRUIT,SEASHELLS,5033.0,7
156500,Rhianna,Vladimir,AMETHYSTS,SEASHELLS,10002.0,3
156600,Vinnie,Remy,AMETHYSTS,SEASHELLS,9996.0,1
156600,Valentina,Remy,STARFRUIT,SEASHELLS,5032.0,2
156600,Valentina,Remy,AMETHYSTS,SEASHELLS,9996.0,1
156600,Valentina,Remy,STARFRUIT,SEASHELLS,5033.0,1
156900,Valentina,Remy,STARFRUIT,SEASHELLS,5032.0,1
157000,Valentina,Remy,STARFRUIT,SEASHELLS,5033.0,1
157300,Valentina,Vinnie,STARFRUIT,SEASHELLS,5035.0,4
157400,Adam,Vladimir,AMETHYSTS,SEASHELLS,10002.0,10
157500,Valentina,Remy,STARFRUIT,SEASHELLS,5031.0,1
157700,Remy,Valentina,STARFRUIT,SEASHELLS,5037.0,1
158100,Vinnie,Remy,STARFRUIT,SEASHELLS,5032.0,1
158200,Remy,Valentina,AMETHYSTS,SEASHELLS,10002.0,1
158300,Vladimir,Adam,AMETHYSTS,SEASHELLS,9998.0,7
158800,Rhianna,Remy,STARFRUIT,SEASHELLS,5037.0,1
159200,Valentina,Amelia,AMETHYSTS,SEASHELLS,9995.0,9
159300,Valentina,Remy,STARFRUIT,SEASHELLS,5032.0,1
160000,Remy,Valentina,STARFRUIT,SEASHELLS,5037.0,2
160000,Remy,Vinnie,AMETHYSTS,SEASHELLS,10004.0,2
160300,Valentina,Remy,AMETHYSTS,SEASHELLS,9998.0,1
160400,Remy,Valentina,STARFRUIT,SEASHELLS,5034.0,1
160400,Valentina,Remy,AMETHYSTS,SEASHELLS,9998.0,1
160500,Amelia,Valentina,STARFRUIT,SEASHELLS,5036.0,13
160600,Remy,Valentina,AMETHYSTS,SEASHELLS,10002.0,1
161000,Valentina,Adam,STARFRUIT,SEASHELLS,5030.0,8
161600,Valentina,Remy,AMETHYSTS,SEASHELLS,9998.0,1
162400,Valentina,Ruby,STARFRUIT,SEASHELLS,5031.0,4
162600,Remy,Vinnie,STARFRUIT,SEASHELLS,5037.0,1
162900,Valentina,Ruby,AMETHYSTS,SEASHELLS,9995.0,4
163500,Rhianna,Valentina,AMETHYSTS,SEASHELLS,10002.0,3
163500,Rhianna,Vladimir,STARFRUIT,SEASHELLS,5034.0,2
163800,Ruby,Valentina,STARFRUIT,SEASHELLS,5036.0,13
163800,Vladimir,Remy,STARFRUIT,SEASHELLS,5029.0,1
163900,Valentina,Remy,STARFRUIT,SEASHELLS,5029.0,2
163900,Vinnie,Remy,AMETHYSTS,SEASHELLS,9996.0,1
164600,Remy,Amelia,STARFRUIT,SEASHELLS,5035.0,1
164800,Amelia,Vinnie,AMETHYSTS,SEASHELLS,10004.0,2
164800,Amelia,Valentina,AMETHYSTS,SEASHELLS,10004.0,6
165100,Remy,Valentina,STARFRUIT,SEASHELLS,5036.0,1
165200,Valentina,Vinnie,STARFRUIT,SEASHELLS,5034.0,6
166000,Remy,Valentina,STARFRUIT,SEASHELLS,5038.0,1
166400,Remy,Rhianna,AMETHYSTS,SEASHELLS,9998.0,1
167000,Valentina,Rhianna,STARFRUIT,SEASHELLS,5034.0,5
167100,Vinnie,Amelia,AMETHYSTS,SEASHELLS,9996.0,1
167300,Valentina,Ruby,STARFRUIT,SEASHELLS,5033.0,11
167800,Remy,Valentina,STARFRUIT,SEASHELLS,5040.0,1
167800,Amelia,Remy,AMETHYSTS,SEASHELLS,9998.0,1
167900,Valentina,Remy,AMETHYSTS,SEASHELLS,9998.0,1
168000,Amelia,Valentina,AMETHYSTS,SEASHELLS,10005.0,8
169000,Ruby,Vladimir,STARFRUIT,SEASHELLS,5038.0,3
169900,Valentina,Remy,STARFRUIT,SEASHELLS,5035.0,1
170200,Rhianna,Vladimir,AMETHYSTS,SEASHELLS,10002.0,3
170200,Valentina,Remy,STARFRUIT,SEASHELLS,5035.0,1
170400,Adam,Valentina,STARFRUIT,SEASHELLS,5039.0,10
171000,Valentina,Rhianna,STARFRUIT,SEASHELLS,5035.0,3
171100,Rhianna,Remy,AMETHYSTS,SEASHELLS,10002.0,1
171400,Rhianna,Valentina,AMETHYSTS,SEASHELLS,10002.0,5
171900,Remy,Remy,AMETHYSTS,SEASHELLS,10002.0,1
171900,Vinnie,Remy,STARFRUIT,SEASHELLS,5035.0,1
172100,Remy,Valentina,AMETHYSTS,SEASHELLS,10002.0,1
172600,Vinnie,Remy,AMETHYSTS,SEASHELLS,9996.0,1
172600,Vladimir,Remy,STARFRUIT,SEASHELLS,5036.0,2
172700,Valentina,Rhianna,AMETHYSTS,SEASHELLS,9998.0,3
173200,Valentina,Remy,STARFRUIT,SEASHELLS,5034.0,1
173400,Valentina,Remy,STARFRUIT,SEASHELLS,5034.0,2
173400,Vinnie,Remy,AMETHYSTS,SEASHELLS,9996.0,1
173400,Remy,Vladimir,AMETHYSTS,SEASHELLS,10002.0,1
173500,Valentina,Rhianna,AMETHYSTS,SEASHELLS,9998.0,3
173800,Ruby,Valentina,STARFRUIT,SEASHELLS,5041.0,8
173900,Amelia,Valentina,AMETHYSTS,SEASHELLS,10005.0,9
174000,Vladimir,Remy,AMETHYSTS,SEASHELLS,9998.0,1
174000,Valentina,Remy,STARFRUIT,SEASHELLS,5034.0,1
174300,Remy,Vladimir,AMETHYSTS,SEASHELLS,10002.0,1
174400,Vladimir,Remy,STARFRUIT,SEASHELLS,5035.0,1
175800,Remy,Vinnie,AMETHYSTS,SEASHELLS,10004.0,1
175800,Remy,Valentina,STARFRUIT,SEASHELLS,5043.0,1
176000,Valentina,Remy,STARFRUIT,SEASHELLS,5036.0,1
176000,Valentina,Remy,STARFRUIT,SEASHELLS,5037.0,1
176000,Remy,Remy,AMETHYSTS,SEASHELLS,10002.0,1
176100,Remy,Valentina,AMETHYSTS,SEASHELLS,10004.0,1
176100,Remy,Valentina,STARFRUIT,SEASHELLS,5043.0,2
176100,Remy,Vinnie,AMETHYSTS,SEASHELLS,10004.0,1
176600,Vladimir,Remy,STARFRUIT,SEASHELLS,5036.0,1
176900,Valentina,Ruby,STARFRUIT,SEASHELLS,5037.0,5
177400,Valentina,Remy,STARFRUIT,SEASHELLS,5038.0,1
177600,Valentina,Remy,AMETHYSTS,SEASHELLS,9998.0,1
177700,Valentina,Remy,STARFRUIT,SEASHELLS,5038.0,1
177700,Vinnie,Remy,AMETHYSTS,SEASHELLS,9996.0,1
177900,Valentina,Ruby,STARFRUIT,SEASHELLS,5038.0,14
178000,Vladimir,Remy,AMETHYSTS,SEASHELLS,9998.0,1
178700,Vinnie,Remy,STARFRUIT,SEASHELLS,5039.0,1
178800,Ruby,Valentina,STARFRUIT,SEASHELLS,5046.0,5
178900,Vladimir,Remy,STARFRUIT,SEASHELLS,5040.0,1
179000,Remy,Vinnie,AMETHYSTS,SEASHELLS,10004.0,1
179000,Remy,Valentina,STARFRUIT,SEASHELLS,5046.0,2
179100,Vladimir,Remy,STARFRUIT,SEASHELLS,5039.0,1
179300,Vladimir,Ruby,AMETHYSTS,SEASHELLS,9998.0,2
179600,Vladimir,Rhianna,AMETHYSTS,SEASHELLS,9998.0,4
179800,Valentina,Amelia,AMETHYSTS,SEASHELLS,9995.0,8
179900,Vinnie,Ruby,AMETHYSTS,SEASHELLS,9996.0,2
180000,Amelia,Valentina,STARFRUIT,SEASHELLS,5044.0,10
180000,Amelia,Vinnie,STARFRUIT,SEASHELLS,5044.0,1
180100,Valentina,Rhianna,AMETHYSTS,SEASHELLS,9998.0,3
180300,Valentina,Rhianna,AMETHYSTS,SEASHELLS,9998.0,4
180500,Rhianna,Vinnie,AMETHYSTS,SEASHELLS,10002.0,3
180500,Adam,Vinnie,STARFRUIT,SEASHELLS,5044.0,6
180800,Remy,Vladimir,AMETHYSTS,SEASHELLS,10002.0,1
180900,Ruby,Valentina,STARFRUIT,SEASHELLS,5045.0,11
180900,Vladimir,Remy,AMETHYSTS,SEASHELLS,9998.0,1
181000,Remy,Vladimir,STARFRUIT,SEASHELLS,5044.0,1
181400,Remy,Vladimir,AMETHYSTS,SEASHELLS,10002.0,1
181400,Remy,Valentina,STARFRUIT,SEASHELLS,5046.0,2
181500,Valentina,Remy,STARFRUIT,SEASHELLS,5039.0,2
181500,Valentina,Remy,STARFRUIT,SEASHELLS,5039.0,1
181500,Vladimir,Remy,AMETHYSTS,SEASHELLS,9998.0,2
181600,Valentina,Rhianna,STARFRUIT,SEASHELLS,5040.0,2
181700,Amelia,Valentina,STARFRUIT,SEASHELLS,5045.0,14
181800,Valentina,Remy,STARFRUIT,SEASHELLS,5038.0,1
181900,Remy,Valentina,AMETHYSTS,SEASHELLS,10002.0,1
182000,Remy,Valentina,AMETHYSTS,SEASHELLS,10002.0,1
182200,Remy,Valentina,STARFRUIT,SEASHELLS,5044.0,1
182300,Vinnie,Ruby,AMETHYSTS,SEASHELLS,9996.0,1
182500,Rhianna,Valentina,AMETHYSTS,SEASHELLS,10002.0,4
182800,Valentina,Remy,STARFRUIT,SEASHELLS,5038.0,1
183100,Remy,Vinnie,AMETHYSTS,SEASHELLS,10004.0,1
183100,Remy,Valentina,STARFRUIT,SEASHELLS,5045.0,2
183200,Valentina,Ruby,STARFRUIT,SEASHELLS,5038.0,9
183500,Remy,Vladimir,STARFRUIT,SEASHELLS,5044.0,1
183700,Ruby,Valentina,STARFRUIT,SEASHELLS,5045.0,8
183900,Valentina,Ruby,AMETHYSTS,SEASHELLS,9995.0,6
184000,Valentina,Ruby,STARFRUIT,SEASHELLS,5038.0,13
184100,Remy,Valentina,STARFRUIT,SEASHELLS,5044.0,1
184600,Valentina,Remy,AMETHYSTS,SEASHELLS,9995.0,1
184600,Valentina,Remy,STARFRUIT,SEASHELLS,5037.0,1
184800,Adam,Vladimir,AMETHYSTS,SEASHELLS,10002.0,3
184800,Adam,Valentina,AMETHYSTS,SEASHELLS,10002.0,5
185200,Ruby,Valentina,STARFRUIT,SEASHELLS,5044.0,10
185400,Valentina,Remy,STARFRUIT,SEASHELLS,5037.0,1
185400,Vinnie,Remy,AMETHYSTS,SEASHELLS,9996.0,1
185800,Vladimir,Remy,AMETHYSTS,SEASHELLS,9998.0,1
186100,Remy,Rhianna,STARFRUIT,SEASHELLS,5038.0,1
186100,Valentina,Rhianna,STARFRUIT,SEASHELLS,5038.0,4
186300,Valentina,Adam,STARFRUIT,SEASHELLS,5037.0,9
186300,Amelia,Vinnie,AMETHYSTS,SEASHELLS,10004.0,1
186300,Amelia,Valentina,AMETHYSTS,SEASHELLS,10004.0,10
186300,Vinnie,Adam,STARFRUIT,SEASHELLS,5037.0,1
186400,Valentina,Remy,STARFRUIT,SEASHELLS,5036.0,1
187000,Valentina,Vinnie,STARFRUIT,SEASHELLS,5038.0,3
187300,Remy,Vladimir,STARFRUIT,SEASHELLS,5039.0,1
187400,Remy,Valentina,STARFRUIT,SEASHELLS,5040.0,1
187700,Adam,Remy,STARFRUIT,SEASHELLS,5034.0,1
187700,Ruby,Valentina,STARFRUIT,SEASHELLS,5041.0,15
187700,Adam,Valentina,STARFRUIT,SEASHELLS,5039.0,8
188000,Remy,Valentina,AMETHYSTS,SEASHELLS,10002.0,1
188400,Vladimir,Rhianna,AMETHYSTS,SEASHELLS,9998.0,1
188500,Remy,Vladimir,AMETHYSTS,SEASHELLS,10002.0,1
189000,Vinnie,Remy,STARFRUIT,SEASHELLS,5037.0,1
189500,Ruby,Remy,AMETHYSTS,SEASHELLS,9998.0,1
189500,Remy,Valentina,STARFRUIT,SEASHELLS,5044.0,2
189500,Remy,Valentina,AMETHYSTS,SEASHELLS,10005.0,2
189800,Remy,Vinnie,AMETHYSTS,SEASHELLS,10004.0,1
189800,Remy,Valentina,STARFRUIT,SEASHELLS,5044.0,2
189800,Remy,Valentina,AMETHYSTS,SEASHELLS,10004.0,1
189900,Remy,Vladimir,STARFRUIT,SEASHELLS,5043.0,1
190000,Vinnie,Adam,STARFRUIT,SEASHELLS,5038.0,2
190000,Valentina,Adam,STARFRUIT,SEASHELLS,5038.0,7
190300,Remy,Vladimir,STARFRUIT,SEASHELLS,5043.0,1
190600,Valentina,Remy,STARFRUIT,SEASHELLS,5039.0,1
190700,Valentina,Ruby,STARFRUIT,SEASHELLS,5038.0,10
190800,Valentina,Rhianna,AMETHYSTS,SEASHELLS,9998.0,5
190900,Remy,Valentina,AMETHYSTS,SEASHELLS,10002.0,1
190900,Remy,Valentina,AMETHYSTS,SEASHELLS,10005.0,1
190900,Remy,Valentina,STARFRUIT,SEASHELLS,5043.0,1
190900,Remy,Valentina,STARFRUIT,SEASHELLS,5044.0,1
191000,Remy,Vladimir,AMETHYSTS,SEASHELLS,10002.0,1
191400,Vladimir,Remy,AMETHYSTS,SEASHELLS,9998.0,1
191700,Ruby,Valentina,AMETHYSTS,SEASHELLS,10004.0,4
191700,Ruby,Vinnie,AMETHYSTS,SEASHELLS,10004.0,2
191800,Remy,Valentina,STARFRUIT,SEASHELLS,5040.0,1
192000,Remy,Valentina,STARFRUIT,SEASHELLS,5041.0,1
192000,Remy,Vladimir,AMETHYSTS,SEASHELLS,10002.0,1
192100,Valentina,Remy,AMETHYSTS,SEASHELLS,9998.0,1
192200,Valentina,Rhianna,AMETHYSTS,SEASHELLS,9998.0,2
192200,Valentina,Ruby,STARFRUIT,SEASHELLS,5034.0,5
192400,Vladimir,Remy,AMETHYSTS,SEASHELLS,9998.0,1
192400,Valentina,Remy,STARFRUIT,SEASHELLS,5034.0,1
192700,Valentina,Ruby,AMETHYSTS,SEASHELLS,9996.0,5
192700,Vinnie,Ruby,AMETHYSTS,SEASHELLS,9996.0,1
193300,Rhianna,Remy,AMETHYSTS,SEASHELLS,10002.0,1
193300,Rhianna,Valentina,AMETHYSTS,SEASHELLS,10002.0,4
193600,Amelia,Valentina,STARFRUIT,SEASHELLS,5040.0,14
193700,Valentina,Rhianna,AMETHYSTS,SEASHELLS,9998.0,1
193800,Remy,Valentina,STARFRUIT,SEASHELLS,5038.0,1
194000,Valentina,Remy,STARFRUIT,SEASHELLS,5032.0,1
194400,Remy,Valentina,STARFRUIT,SEASHELLS,5037.0,2
194400,Remy,Vladimir,AMETHYSTS,SEASHELLS,10002.0,2
194600,Vinnie,Remy,STARFRUIT,SEASHELLS,5030.0,1
195100,Rhianna,Vladimir,AMETHYSTS,SEASHELLS,10002.0,4
195100,Rhianna,Valentina,AMETHYSTS,SEASHELLS,10002.0,1
195100,Valentina,Amelia,STARFRUIT,SEASHELLS,5029.0,8
195700,Remy,Valentina,AMETHYSTS,SEASHELLS,10002.0,1
195800,Remy,Vinnie,AMETHYSTS,SEASHELLS,10004.0,1
195800,Remy,Vladimir,STARFRUIT,SEASHELLS,5032.0,1
196000,Rhianna,Remy,AMETHYSTS,SEASHELLS,10002.0,1
196500,Remy,Valentina,STARFRUIT,SEASHELLS,5034.0,1
197300,Remy,Ruby,AMETHYSTS,SEASHELLS,9996.0,1
197300,Vinnie,Ruby,AMETHYSTS,SEASHELLS,9996.0,1
197300,Remy,Valentina,STARFRUIT,SEASHELLS,5036.0,1
197700,Remy,Valentina,STARFRUIT,SEASHELLS,5036.0,2
197700,Remy,Vladimir,AMETHYSTS,SEASHELLS,10002.0,2
198500,Remy,Valentina,STARFRUIT,SEASHELLS,5037.0,2
198500,Remy,Adam,AMETHYSTS,SEASHELLS,9998.0,2
198800,Valentina,Remy,STARFRUIT,SEASHELLS,5031.0,1
198900,Remy,Valentina,AMETHYSTS,SEASHELLS,10002.0,1
198900,Valentina,Rhianna,STARFRUIT,SEASHELLS,5032.0,5
199000,Vinnie,Remy,STARFRUIT,SEASHELLS,5031.0,2
199000,Vinnie,Remy,AMETHYSTS,SEASHELLS,9996.0,2
199200,Vinnie,Rhianna,STARFRUIT,SEASHELLS,5032.0,2
199400,Remy,Vinnie,AMETHYSTS,SEASHELLS,10004.0,1
199400,Vladimir,Adam,STARFRUIT,SEASHELLS,5033.0,2
199400,Remy,Adam,STARFRUIT,SEASHELLS,5033.0,1
199400,Valentina,Adam,STARFRUIT,SEASHELLS,5033.0,3
199400,Remy,Adam,STARFRUIT,SEASHELLS,5037.0,1
199500,Remy,Valentina,AMETHYSTS,SEASHELLS,10002.0,1
199600,Remy,Vladimir,AMETHYSTS,SEASHELLS,10002.0,2
199600,Remy,Valentina,STARFRUIT,SEASHELLS,5039.0,2
200000,Remy,Valentina,STARFRUIT,SEASHELLS,5037.0,1
200200,Ruby,Vinnie,AMETHYSTS,SEASHELLS,10004.0,1
200300,Valentina,Rhianna,STARFRUIT,SEASHELLS,5034.0,5
201200,Ruby,Valentina,AMETHYSTS,SEASHELLS,10005.0,8
201200,Amelia,Vinnie,AMETHYSTS,SEASHELLS,10004.0,1
201500,Valentina,Remy,STARFRUIT,SEASHELLS,5032.0,1
201500,Valentina,Amelia,STARFRUIT,SEASHELLS,5031.0,10
201600,Valentina,Ruby,STARFRUIT,SEASHELLS,5031.0,10
201800,Remy,Valentina,STARFRUIT,SEASHELLS,5037.0,1
202100,Remy,Valentina,AMETHYSTS,SEASHELLS,10002.0,1
202100,Remy,Valentina,AMETHYSTS,SEASHELLS,10004.0,1
202100,Remy,Vinnie,AMETHYSTS,SEASHELLS,10004.0,1
202100,Remy,Valentina,STARFRUIT,SEASHELLS,5039.0,2
202200,Rhianna,Adam,STARFRUIT,SEASHELLS,5036.0,3
202400,Ruby,Valentina,STARFRUIT,SEASHELLS,5037.0,4
202600,Valentina,Remy,AMETHYSTS,SEASHELLS,9995.0,2
202600,Valentina,Remy,STARFRUIT,SEASHELLS,5030.0,2
202700,Remy,Valentina,STARFRUIT,SEASHELLS,5035.0,1
202700,Amelia,Valentina,STARFRUIT,SEASHELLS,5036.0,12
202900,Remy,Rhianna,STARFRUIT,SEASHELLS,5031.0,1
202900,Ruby,Rhianna,STARFRUIT,SEASHELLS,5031.0,4
203200,Remy,Valentina,STARFRUIT,SEASHELLS,5035.0,1
203300,Vinnie,Remy,STARFRUIT,SEASHELLS,5031.0,1
203700,Vinnie,Amelia,AMETHYSTS,SEASHELLS,9996.0,2
203700,Valentina,Amelia,AMETHYSTS,SEASHELLS,9996.0,7
203800,Remy,Vladimir,STARFRUIT,SEASHELLS,5036.0,1
203800,Remy,Vinnie,AMETHYSTS,SEASHELLS,10004.0,1
204000,Vladimir,Remy,AMETHYSTS,SEASHELLS,9998.0,1
204100,Vladimir,Remy,AMETHYSTS,SEASHELLS,9998.0,1
204500,Rhianna,Valentina,AMETHYSTS,SEASHELLS,10002.0,4
205400,Remy,Valentina,AMETHYSTS,SEASHELLS,10002.0,1
205400,Ruby,Valentina,STARFRUIT,SEASHELLS,5035.0,1
205400,Ruby,Vladimir,STARFRUIT,SEASHELLS,5035.0,5
205600,Adam,Vladimir,AMETHYSTS,SEASHELLS,10002.0,5
205800,Vladimir,Remy,AMETHYSTS,SEASHELLS,9998.0,1
206000,Vinnie,Remy,STARFRUIT,SEASHELLS,5029.0,1
206100,Vinnie,Ruby,AMETHYSTS,SEASHELLS,9996.0,2
206300,Vinnie,Amelia,AMETHYSTS,SEASHELLS,9996.0,1
206700,Vinnie,Amelia,AMETHYSTS,SEASHELLS,9996.0,2
206800,Valentina,Rhianna,STARFRUIT,SEASHELLS,5031.0,2
206800,Valentina,Vinnie,STARFRUIT,SEASHELLS,5033.0,4
206900,Vladimir,Remy,AMETHYSTS,SEASHELLS,9998.0,1
207200,Valentina,Adam,STARFRUIT,SEASHELLS,5031.0,10
207300,Remy,Valentina,AMETHYSTS,SEASHELLS,10002.0,1
207400,Remy,Valentina,AMETHYSTS,SEASHELLS,10002.0,1
207400,Remy,Vladimir,STARFRUIT,SEASHELLS,5036.0,1
207600,Valentina,Rhianna,STARFRUIT,SEASHELLS,5030.0,4
207800,Vladimir,Ruby,AMETHYSTS,SEASHELLS,9998.0,4
207900,Remy,Valentina,AMETHYSTS,SEASHELLS,10002.0,1
207900,Valentina,Remy,STARFRUIT,SEASHELLS,5030.0,1
208000,Remy,Valentina,STARFRUIT,SEASHELLS,5035.0,1
208100,Remy,Valentina,STARFRUIT,SEASHELLS,5036.0,2
208100,Remy,Vinnie,AMETHYSTS,SEASHELLS,10004.0,2
208300,Amelia,Valentina,STARFRUIT,SEASHELLS,5037.0,9
208500,Valentina,Ruby,STARFRUIT,SEASHELLS,5031.0,14
209600,Valentina,Rhianna,AMETHYSTS,SEASHELLS,9998.0,1
209800,Vladimir,Remy,AMETHYSTS,SEASHELLS,9998.0,1
210200,Remy,Vladimir,AMETHYSTS,SEASHELLS,10002.0,1
211500,Vinnie,Ruby,STARFRUIT,SEASHELLS,5032.0,2
212300,Vinnie,Remy,STARFRUIT,SEASHELLS,5031.0,1
212500,Valentina,Amelia,STARFRUIT,SEASHELLS,5029.0,11
212800,Valentina,Ruby,AMETHYSTS,SEASHELLS,9995.0,8
213300,Valentina,Ruby,STARFRUIT,SEASHELLS,5029.0,10
213400,Vinnie,Remy,STARFRUIT,SEASHELLS,5029.0,1
213500,Valentina,Ruby,AMETHYSTS,SEASHELLS,9995.0,3
214100,Remy,Valentina,STARFRUIT,SEASHELLS,5036.0,1
214200,Valentina,Ruby,STARFRUIT,SEASHELLS,5030.0,15
214700,Remy,Valentina,STARFRUIT,SEASHELLS,5035.0,1
214800,Valentina,Rhianna,AMETHYSTS,SEASHELLS,9998.0,4
214800,Remy,Rhianna,AMETHYSTS,SEASHELLS,9998.0,1
214800,Remy,Valentina,STARFRUIT,SEASHELLS,5037.0,1
215000,Vladimir,Remy,AMETHYSTS,SEASHELLS,9998.0,1
215000,Valentina,Remy,STARFRUIT,SEASHELLS,5030.0,1
215000,Valentina,Ruby,STARFRUIT,SEASHELLS,5029.0,8
215100,Ruby,Valentina,AMETHYSTS,SEASHELLS,10005.0,3
215200,Remy,Valentina,STARFRUIT,SEASHELLS,5036.0,1
215200,Rhianna,Valentina,AMETHYSTS,SEASHELLS,10002.0,3
215200,Adam,Valentina,STARFRUIT,SEASHELLS,5034.0,8
215200,Remy,Vinnie,AMETHYSTS,SEASHELLS,10004.0,1
215300,Ruby,Valentina,STARFRUIT,SEASHELLS,5036.0,14
215400,Remy,Rhianna,AMETHYSTS,SEASHELLS,9998.0,1
215600,Vinnie,Ruby,STARFRUIT,SEASHELLS,5031.0,4
215600,Vinnie,Remy,STARFRUIT,SEASHELLS,5028.0,1
215700,Vinnie,Ruby,AMETHYSTS,SEASHELLS,9996.0,2
215800,Rhianna,Valentina,AMETHYSTS,SEASHELLS,10002.0,1
215800,Rhianna,Remy,AMETHYSTS,SEASHELLS,10002.0,1
215900,Adam,Valentina,STARFRUIT,SEASHELLS,5033.0,6
215900,Adam,Vladimir,STARFRUIT,SEASHELLS,5033.0,1
216000,Remy,Vladimir,STARFRUIT,SEASHELLS,5034.0,1
216300,Vladimir,Remy,STARFRUIT,SEASHELLS,5028.0,1
216400,Remy,Vladimir,STARFRUIT,SEASHELLS,5034.0,1
216400,Amelia,Valentina,AMETHYSTS,SEASHELLS,10005.0,8
216800,Valentina,Remy,STARFRUIT,SEASHELLS,5028.0,2
216800,Vinnie,Remy,AMETHYSTS,SEASHELLS,9996.0,2
217300,Vinnie,Ruby,AMETHYSTS,SEASHELLS,9996.0,1
217300,Valentina,Ruby,AMETHYSTS,SEASHELLS,9996.0,5
217300,Valentina,Rhianna,STARFRUIT,SEASHELLS,5029.0,5
217600,Vinnie,Ruby,STARFRUIT,SEASHELLS,5028.0,1
217700,Vladimir,Remy,STARFRUIT,SEASHELLS,5027.0,1
217800,Vinnie,Remy,STARFRUIT,SEASHELLS,5030.0,2
217800,Vinnie,Remy,AMETHYSTS,SEASHELLS,10000.0,2
218200,Valentina,Remy,STARFRUIT,SEASHELLS,5027.0,1
218500,Vinnie,Ruby,AMETHYSTS,SEASHELLS,9996.0,1
218500,Remy,Vladimir,AMETHYSTS,SEASHELLS,10002.0,1
218500,Valentina,Ruby,AMETHYSTS,SEASHELLS,9996.0,7
219000,Valentina,Rhianna,AMETHYSTS,SEASHELLS,9998.0,2
219600,Remy,Vladimir,AMETHYSTS,SEASHELLS,10002.0,1
219700,Amelia,Vinnie,AMETHYSTS,SEASHELLS,10004.0,1
219700,Amelia,Valentina,AMETHYSTS,SEASHELLS,10004.0,11
219900,Valentina,Remy,STARFRUIT,SEASHELLS,5026.0,1
220000,Remy,Valentina,STARFRUIT,SEASHELLS,5031.0,1
220200,Remy,Valentina,STARFRUIT,SEASHELLS,5033.0,1
220200,Remy,Vinnie,AMETHYSTS,SEASHELLS,10004.0,1
220300,Ruby,Valentina,STARFRUIT,SEASHELLS,5034.0,8
220300,Valentina,Remy,STARFRUIT,SEASHELLS,5027.0,2
220300,Valentina,Remy,AMETHYSTS,SEASHELLS,9995.0,2
220500,Valentina,Remy,STARFRUIT,SEASHELLS,5026.0,1
220800,Valentina,Vinnie,STARFRUIT,SEASHELLS,5028.0,5
220800,Valentina,Remy,STARFRUIT,SEASHELLS,5025.0,1
221000,Valentina,Remy,STARFRUIT,SEASHELLS,5025.0,1
221100,Rhianna,Adam,AMETHYSTS,SEASHELLS,10002.0,1
221500,Rhianna,Ruby,AMETHYSTS,SEASHELLS,10002.0,5
221600,Valentina,Vinnie,STARFRUIT,SEASHELLS,5028.0,5
221600,Valentina,Remy,STARFRUIT,SEASHELLS,5025.0,1
221800,Vladimir,Remy,AMETHYSTS,SEASHELLS,9998.0,1
222500,Adam,Vladimir,AMETHYSTS,SEASHELLS,10002.0,3
222500,Adam,Valentina,AMETHYSTS,SEASHELLS,10002.0,4
222600,Remy,Valentina,AMETHYSTS,SEASHELLS,10005.0,2
222600,Remy,Valentina,STARFRUIT,SEASHELLS,5032.0,2
223100,Ruby,Valentina,STARFRUIT,SEASHELLS,5030.0,6
223700,Remy,Valentina,AMETHYSTS,SEASHELLS,10002.0,1
223800,Remy,Vladimir,AMETHYSTS,SEASHELLS,10002.0,1
224200,Valentina,Vinnie,STARFRUIT,SEASHELLS,5026.0,5
224300,Remy,Vladimir,STARFRUIT,SEASHELLS,5029.0,1
224400,Valentina,Remy,STARFRUIT,SEASHELLS,5023.0,1
224600,Vladimir,Remy,AMETHYSTS,SEASHELLS,9998.0,1
224800,Adam,Valentina,STARFRUIT,SEASHELLS,5028.0,9
224800,Valentina,Amelia,AMETHYSTS,SEASHELLS,9996.0,9
224800,Vinnie,Amelia,AMETHYSTS,SEASHELLS,9996.0,1
225000,Valentina,Remy,AMETHYSTS,SEASHELLS,9998.0,1
225000,Remy,Vladimir,STARFRUIT,SEASHELLS,5028.0,1
225100,Valentina,Remy,STARFRUIT,SEASHELLS,5024.0,1
225500,Amelia,Valentina,STARFRUIT,SEASHELLS,5031.0,15
225900,Valentina,Rhianna,AMETHYSTS,SEASHELLS,9998.0,1
226400,Ruby,Valentina,AMETHYSTS,SEASHELLS,10005.0,3
226700,Valentina,Remy,STARFRUIT,SEASHELLS,5024.0,1
226900,Vinnie,Remy,STARFRUIT,SEASHELLS,5025.0,1
227000,Remy,Rhianna,AMETHYSTS,SEASHELLS,9998.0,1
227000,Valentina,Rhianna,AMETHYSTS,SEASHELLS,9998.0,3
227100,Valentina,Remy,AMETHYSTS,SEASHELLS,9998.0,1
227300,Valentina,Amelia,STARFRUIT,SEASHELLS,5026.0,13
227400,Remy,Vladimir,STARFRUIT,SEASHELLS,5032.0,1
227600,Valentina,Rhianna,STARFRUIT,SEASHELLS,5027.0,3
227700,Remy,Valentina,AMETHYSTS,SEASHELLS,10005.0,2
227700,Remy,Valentina,STARFRUIT,SEASHELLS,5033.0,2
227900,Valentina,Remy,AMETHYSTS,SEASHELLS,9998.0,1
228400,Amelia,Valentina,STARFRUIT,SEASHELLS,5033.0,10
228700,Vinnie,Remy,AMETHYSTS,SEASHELLS,10000.0,2
228700,Vinnie,Remy,STARFRUIT,SEASHELLS,5029.0,2
228800,Remy,Remy,STARFRUIT,SEASHELLS,5027.0,1
228800,Remy,Vladimir,AMETHYSTS,SEASHELLS,10002.0,1
229000,Remy,Rhianna,STARFRUIT,SEASHELLS,5028.0,1
229200,Valentina,Remy,STARFRUIT,SEASHELLS,5027.0,1
229900,Valentina,Remy,AMETHYSTS,SEASHELLS,9996.0,1
229900,Vinnie,Remy,STARFRUIT,SEASHELLS,5029.0,1
229900,Valentina,Remy,STARFRUIT,SEASHELLS,5028.0,2
229900,Vinnie,Remy,AMETHYSTS,SEASHELLS,9996.0,1
230100,Valentina,Ruby,STARFRUIT,SEASHELLS,5029.0,11
230100,Valentina,Remy,STARFRUIT,SEASHELLS,5029.0,1
230200,Amelia,Valentina,STARFRUIT,SEASHELLS,5036.0,12
230200,Remy,Vladimir,STARFRUIT,SEASHELLS,5035.0,1
230300,Ruby,Valentina,AMETHYSTS,SEASHELLS,10005.0,3
230600,Remy,Vinnie,AMETHYSTS,SEASHELLS,10004.0,2
230600,Remy,Valentina,STARFRUIT,SEASHELLS,5036.0,2
230600,Amelia,Valentina,STARFRUIT,SEASHELLS,5036.0,15
230800,Valentina,Remy,STARFRUIT,SEASHELLS,5030.0,1
231000,Remy,Valentina,STARFRUIT,SEASHELLS,5035.0,1
231000,Valentina,Remy,AMETHYSTS,SEASHELLS,9998.0,1
231200,Remy,Vladimir,AMETHYSTS,SEASHELLS,10002.0,1
231800,Amelia,Valentina,STARFRUIT,SEASHELLS,5036.0,12
232200,Vladimir,Remy,AMETHYSTS,SEASHELLS,9998.0,1
232400,Vinnie,Remy,STARFRUIT,SEASHELLS,5029.0,1
232600,Ruby,Vinnie,STARFRUIT,SEASHELLS,5034.0,2
232600,Ruby,Valentina,STARFRUIT,SEASHELLS,5034.0,3
232600,Vinnie,Ruby,AMETHYSTS,SEASHELLS,9996.0,2
232800,Remy,Vladimir,STARFRUIT,SEASHELLS,5033.0,1
233100,Vinnie,Ruby,AMETHYSTS,SEASHELLS,9996.0,2
233600,Rhianna,Valentina,STARFRUIT,SEASHELLS,5032.0,5
233900,Valentina,Remy,STARFRUIT,SEASHELLS,5026.0,2
233900,Vinnie,Remy,AMETHYSTS,SEASHELLS,9996.0,1
234600,Vladimir,Rhianna,AMETHYSTS,SEASHELLS,9998.0,4
234700,Remy,Valentina,AMETHYSTS,SEASHELLS,10002.0,1
234800,Remy,Valentina,STARFRUIT,SEASHELLS,5031.0,1
234800,Rhianna,Valentina,STARFRUIT,SEASHELLS,5030.0,4
235500,Valentina,Ruby,STARFRUIT,SEASHELLS,5026.0,9
235500,Rhianna,Valentina,AMETHYSTS,SEASHELLS,10002.0,4
235800,Valentina,Remy,STARFRUIT,SEASHELLS,5027.0,1
235900,Valentina,Remy,STARFRUIT,SEASHELLS,5027.0,1
235900,Valentina,Remy,AMETHYSTS,SEASHELLS,9998.0,1
236000,Remy,Valentina,AMETHYSTS,SEASHELLS,10002.0,1
236300,Remy,Valentina,STARFRUIT,SEASHELLS,5031.0,1
236600,Valentina,Remy,STARFRUIT,SEASHELLS,5027.0,1
236800,Valentina,Remy,AMETHYSTS,SEASHELLS,9998.0,1
237100,Valentina,Ruby,STARFRUIT,SEASHELLS,5025.0,14
237100,Remy,Vladimir,STARFRUIT,SEASHELLS,5031.0,1
237300,Rhianna,Valentina,AMETHYSTS,SEASHELLS,10002.0,1
237400,Valentina,Remy,STARFRUIT,SEASHELLS,5025.0,1
237600,Vinnie,Rhianna,AMETHYSTS,SEASHELLS,9998.0,1
237800,Ruby,Vinnie,AMETHYSTS,SEASHELLS,10004.0,1
237800,Ruby,Remy,AMETHYSTS,SEASHELLS,10004.0,1
237800,Vladimir,Remy,STARFRUIT,SEASHELLS,5025.0,1
238000,Remy,Valentina,STARFRUIT,SEASHELLS,5029.0,1
238400,Remy,Valentina,STARFRUIT,SEASHELLS,5028.0,1
238500,Remy,Valentina,STARFRUIT,SEASHELLS,5030.0,2
238500,Remy,Vinnie,AMETHYSTS,SEASHELLS,10004.0,2
238600,Vinnie,Remy,STARFRUIT,SEASHELLS,5023.0,1
238700,Valentina,Remy,STARFRUIT,SEASHELLS,5022.0,1
239000,Valentina,Remy,AMETHYSTS,SEASHELLS,9998.0,1
239000,Adam,Valentina,STARFRUIT,SEASHELLS,5027.0,9
239400,Amelia,Valentina,AMETHYSTS,SEASHELLS,10004.0,6
239400,Amelia,Vinnie,AMETHYSTS,SEASHELLS,10004.0,2
239400,Remy,Valentina,STARFRUIT,SEASHELLS,5027.0,1
239900,Remy,Valentina,AMETHYSTS,SEASHELLS,10002.0,1
240000,Remy,Vinnie,STARFRUIT,SEASHELLS,5029.0,2
240000,Remy,Valentina,AMETHYSTS,SEASHELLS,10005.0,2
240000,Ruby,Vinnie,AMETHYSTS,SEASHELLS,10004.0,2
240200,Valentina,Remy,STARFRUIT,SEASHELLS,5023.0,1
240400,Vladimir,Remy,AMETHYSTS,SEASHELLS,9998.0,1
240700,Remy,Valentina,AMETHYSTS,SEASHELLS,10002.0,1
241000,Remy,Valentina,STARFRUIT,SEASHELLS,5028.0,1
241000,Valentina,Rhianna,AMETHYSTS,SEASHELLS,9998.0,4
241300,Valentina,Remy,STARFRUIT,SEASHELLS,5024.0,1
241500,Remy,Valentina,STARFRUIT,SEASHELLS,5029.0,1
241600,Remy,Vinnie,AMETHYSTS,SEASHELLS,10004.0,1
241600,Remy,Vladimir,STARFRUIT,SEASHELLS,5029.0,1
241700,Valentina,Remy,STARFRUIT,SEASHELLS,5024.0,1
241700,Ruby,Valentina,AMETHYSTS,SEASHELLS,10004.0,5
241700,Ruby,Vinnie,AMETHYSTS,SEASHELLS,10004.0,1
242200,Rhianna,Remy,STARFRUIT,SEASHELLS,5029.0,2
242200,Valentina,Remy,AMETHYSTS,SEASHELLS,9995.0,2
242200,Rhianna,Vladimir,STARFRUIT,SEASHELLS,5029.0,1
242500,Remy,Valentina,STARFRUIT,SEASHELLS,5032.0,2
242500,Remy,Rhianna,AMETHYSTS,SEASHELLS,9998.0,2
242600,Ruby,Vladimir,AMETHYSTS,SEASHELLS,10002.0,1
242700,Valentina,Remy,AMETHYSTS,SEASHELLS,9998.0,1
242800,Valentina,Vinnie,STARFRUIT,SEASHELLS,5028.0,4
242800,Valentina,Remy,STARFRUIT,SEASHELLS,5026.0,1
242900,Valentina,Amelia,AMETHYSTS,SEASHELLS,9995.0,11
243000,Vinnie,Remy,STARFRUIT,SEASHELLS,5026.0,1
243100,Valentina,Adam,STARFRUIT,SEASHELLS,5026.0,10
243500,Remy,Valentina,STARFRUIT,SEASHELLS,5032.0,1
243500,Vladimir,Remy,AMETHYSTS,SEASHELLS,9998.0,1
243600,Ruby,Vinnie,STARFRUIT,SEASHELLS,5033.0,2
244800,Remy,Valentina,AMETHYSTS,SEASHELLS,10002.0,1
244900,Remy,Valentina,STARFRUIT,SEASHELLS,5032.0,1
245200,Remy,Valentina,STARFRUIT,SEASHELLS,5032.0,2
245200,Remy,Valentina,AMETHYSTS,SEASHELLS,10005.0,2
245200,Ruby,Vinnie,AMETHYSTS,SEASHELLS,10004.0,2
245300,Valentina,Vinnie,STARFRUIT,SEASHELLS,5028.0,2
245500,Valentina,Ruby,STARFRUIT,SEASHELLS,5025.0,9
245500,Vladimir,Adam,AMETHYSTS,SEASHELLS,9998.0,8
245500,Remy,Adam,AMETHYSTS,SEASHELLS,10002.0,1
245700,Vinnie,Ruby,AMETHYSTS,SEASHELLS,10000.0,4
245800,Vinnie,Remy,AMETHYSTS,SEASHELLS,9998.0,1
246100,Valentina,Amelia,AMETHYSTS,SEASHELLS,9995.0,11
246200,Remy,Valentina,AMETHYSTS,SEASHELLS,10002.0,1
246300,Remy,Remy,STARFRUIT,SEASHELLS,5029.0,1
246300,Valentina,Remy,AMETHYSTS,SEASHELLS,9996.0,1
246300,Vinnie,Remy,AMETHYSTS,SEASHELLS,9996.0,1
247200,Valentina,Adam,STARFRUIT,SEASHELLS,5025.0,10
247200,Valentina,Remy,STARFRUIT,SEASHELLS,5024.0,1
247400,Valentina,Remy,STARFRUIT,SEASHELLS,5024.0,1
247700,Rhianna,Valentina,STARFRUIT,SEASHELLS,5028.0,3
247700,Remy,Vladimir,STARFRUIT,SEASHELLS,5029.0,1
247800,Valentina,Remy,STARFRUIT,SEASHELLS,5024.0,1
247800,Remy,Rhianna,AMETHYSTS,SEASHELLS,9998.0,1
248000,Remy,Valentina,AMETHYSTS,SEASHELLS,10005.0,2
248000,Remy,Rhianna,STARFRUIT,SEASHELLS,5026.0,2
248600,Ruby,Valentina,STARFRUIT,SEASHELLS,5031.0,5
248700,Amelia,Valentina,STARFRUIT,SEASHELLS,5031.0,13
249100,Rhianna,Valentina,STARFRUIT,SEASHELLS,5028.0,5
249200,Vinnie,Ruby,AMETHYSTS,SEASHELLS,9996.0,1
249200,Valentina,Ruby,AMETHYSTS,SEASHELLS,9996.0,3
249400,Valentina,Remy,AMETHYSTS,SEASHELLS,9998.0,1
249600,Rhianna,Valentina,AMETHYSTS,SEASHELLS,10002.0,4
250000,Valentina,Remy,STARFRUIT,SEASHELLS,5023.0,1
250000,Vinnie,Remy,AMETHYSTS,SEASHELLS,9996.0,1
250500,Remy,Remy,AMETHYSTS,SEASHELLS,9998.0,1
250500,Remy,Valentina,STARFRUIT,SEASHELLS,5029.0,1
250600,Amelia,Valentina,STARFRUIT,SEASHELLS,5030.0,8
251200,Remy,Remy,AMETHYSTS,SEASHELLS,10002.0,1
251200,Vinnie,Remy,STARFRUIT,SEASHELLS,5023.0,2
251300,Remy,Valentina,STARFRUIT,SEASHELLS,5028.0,1
251600,Remy,Valentina,STARFRUIT,SEASHELLS,5027.0,1
251800,Valentina,Remy,STARFRUIT,SEASHELLS,5022.0,1
252000,Vladimir,Rhianna,AMETHYSTS,SEASHELLS,9998.0,2
252000,Valentina,Rhianna,AMETHYSTS,SEASHELLS,9998.0,2
252300,Remy,Valentina,AMETHYSTS,SEASHELLS,10005.0,1
252300,Remy,Valentina,STARFRUIT,SEASHELLS,5029.0,1
252400,Remy,Valentina,AMETHYSTS,SEASHELLS,10002.0,1
253100,Vinnie,Remy,AMETHYSTS,SEASHELLS,9996.0,1
253100,Valentina,Remy,STARFRUIT,SEASHELLS,5022.0,1
255000,Valentina,Remy,AMETHYSTS,SEASHELLS,9998.0,1
255400,Remy,Vinnie,AMETHYSTS,SEASHELLS,10004.0,1
255400,Remy,Valentina,STARFRUIT,SEASHELLS,5028.0,2
255700,Remy,Vladimir,STARFRUIT,SEASHELLS,5028.0,1
256100,Vladimir,Remy,STARFRUIT,SEASHELLS,5023.0,1
256100,Adam,Vladimir,AMETHYSTS,SEASHELLS,10002.0,1
256200,Remy,Valentina,AMETHYSTS,SEASHELLS,10002.0,1
256300,Valentina,Remy,AMETHYSTS,SEASHELLS,9995.0,1
256300,Valentina,Remy,STARFRUIT,SEASHELLS,5022.0,1
256400,Remy,Valentina,STARFRUIT,SEASHELLS,5028.0,1
256700,Valentina,Remy,AMETHYSTS,SEASHELLS,9998.0,1
257000,Adam,Valentina,STARFRUIT,SEASHELLS,5026.0,8
257100,Ruby,Valentina,STARFRUIT,SEASHELLS,5027.0,11
257500,Valentina,Remy,AMETHYSTS,SEASHELLS,9998.0,1
257500,Valentina,Remy,STARFRUIT,SEASHELLS,5021.0,1
257800,Remy,Valentina,STARFRUIT,SEASHELLS,5025.0,1
257900,Rhianna,Ruby,AMETHYSTS,SEASHELLS,10002.0,3
258200,Valentina,Remy,STARFRUIT,SEASHELLS,5019.0,1
258200,Valentina,Remy,AMETHYSTS,SEASHELLS,9995.0,1
258500,Vladimir,Remy,STARFRUIT,SEASHELLS,5021.0,1
258500,Vinnie,Remy,AMETHYSTS,SEASHELLS,9996.0,1
258600,Valentina,Amelia,STARFRUIT,SEASHELLS,5020.0,9
258800,Valentina,Ruby,STARFRUIT,SEASHELLS,5020.0,5
258900,Remy,Ruby,AMETHYSTS,SEASHELLS,10002.0,1
259000,Vinnie,Ruby,AMETHYSTS,SEASHELLS,9996.0,2
259100,Valentina,Ruby,AMETHYSTS,SEASHELLS,9995.0,5
259600,Remy,Remy,STARFRUIT,SEASHELLS,5021.0,1
259600,Remy,Vinnie,AMETHYSTS,SEASHELLS,10004.0,1
259700,Remy,Remy,AMETHYSTS,SEASHELLS,9998.0,1
259700,Remy,Valentina,STARFRUIT,SEASHELLS,5027.0,1
259800,Ruby,Valentina,AMETHYSTS,SEASHELLS,10004.0,7
259800,Ruby,Vinnie,AMETHYSTS,SEASHELLS,10004.0,1
259900,Amelia,Vinnie,AMETHYSTS,SEASHELLS,10004.0,2
259900,Amelia,Valentina,AMETHYSTS,SEASHELLS,10004.0,10
260000,Amelia,Remy,STARFRUIT,SEASHELLS,5021.0,1
260200,Remy,Rhianna,STARFRUIT,SEASHELLS,5021.0,1
260200,Adam,Rhianna,STARFRUIT,SEASHELLS,5021.0,1
260400,Remy,Rhianna,STARFRUIT,SEASHELLS,5021.0,1
260700,Remy,Rhianna,AMETHYSTS,SEASHELLS,9998.0,1
261000,Remy,Valentina,AMETHYSTS,SEASHELLS,10002.0,1
261100,Vladimir,Remy,STARFRUIT,SEASHELLS,5021.0,1
261100,Vinnie,Remy,AMETHYSTS,SEASHELLS,9996.0,1
261500,Remy,Valentina,STARFRUIT,SEASHELLS,5027.0,1
261500,Remy,Vinnie,AMETHYSTS,SEASHELLS,10004.0,1
261500,Adam,Valentina,STARFRUIT,SEASHELLS,5025.0,10
261600,Remy,Vladimir,STARFRUIT,SEASHELLS,5026.0,1
261700,Amelia,Vinnie,AMETHYSTS,SEASHELLS,10004.0,1
262600,Remy,Vinnie,AMETHYSTS,SEASHELLS,10004.0,1
262600,Remy,Valentina,STARFRUIT,SEASHELLS,5027.0,2
262600,Remy,Valentina,AMETHYSTS,SEASHELLS,10004.0,1
263100,Amelia,Valentina,STARFRUIT,SEASHELLS,5028.0,8
263500,Vinnie,Adam,STARFRUIT,SEASHELLS,5021.0,2
263800,Vladimir,Amelia,STARFRUIT,SEASHELLS,5023.0,3
263900,Remy,Valentina,STARFRUIT,SEASHELLS,5027.0,1
263900,Remy,Valentina,AMETHYSTS,SEASHELLS,10002.0,1
264000,Rhianna,Valentina,AMETHYSTS,SEASHELLS,10002.0,1
264300,Valentina,Remy,STARFRUIT,SEASHELLS,5021.0,1
264400,Valentina,Rhianna,STARFRUIT,SEASHELLS,5022.0,2
264800,Remy,Vladimir,STARFRUIT,SEASHELLS,5026.0,1
264800,Remy,Valentina,AMETHYSTS,SEASHELLS,10002.0,1
265100,Valentina,Remy,STARFRUIT,SEASHELLS,5020.0,1
265100,Valentina,Rhianna,STARFRUIT,SEASHELLS,5021.0,5
265200,Remy,Valentina,AMETHYSTS,SEASHELLS,10002.0,1
265300,Valentina,Remy,AMETHYSTS,SEASHELLS,9998.0,1
265700,Vladimir,Remy,STARFRUIT,SEASHELLS,5019.0,1
266000,Remy,Valentina,STARFRUIT,SEASHELLS,5024.0,1
266300,Valentina,Remy,STARFRUIT,SEASHELLS,5019.0,2
266300,Valentina,Remy,AMETHYSTS,SEASHELLS,9995.0,2
266900,Valentina,Ruby,STARFRUIT,SEASHELLS,5018.0,14
267100,Valentina,Remy,STARFRUIT,SEASHELLS,5018.0,1
267200,Valentina,Remy,STARFRUIT,SEASHELLS,5018.0,1
267300,Valentina,Remy,STARFRUIT,SEASHELLS,5017.0,2
267300,Vladimir,Remy,AMETHYSTS,SEASHELLS,9998.0,2
267400,Valentina,Rhianna,STARFRUIT,SEASHELLS,5018.0,2
267500,Vinnie,Remy,AMETHYSTS,SEASHELLS,9996.0,1
267500,Valentina,Remy,STARFRUIT,SEASHELLS,5017.0,2
267500,Rhianna,Valentina,STARFRUIT,SEASHELLS,5024.0,14
267500,Rhianna,Vinnie,STARFRUIT,SEASHELLS,5023.0,1
268500,Valentina,Rhianna,AMETHYSTS,SEASHELLS,9998.0,2
268700,Adam,Valentina,AMETHYSTS,SEASHELLS,10002.0,6
268800,Remy,Adam,STARFRUIT,SEASHELLS,5024.0,1
269300,Remy,Vinnie,AMETHYSTS,SEASHELLS,10004.0,1
269300,Remy,Valentina,STARFRUIT,SEASHELLS,5026.0,1
269800,Valentina,Remy,STARFRUIT,SEASHELLS,5020.0,1
270000,Remy,Valentina,STARFRUIT,SEASHELLS,5025.0,1
270200,Remy,Valentina,STARFRUIT,SEASHELLS,5024.0,1
270400,Vladimir,Remy,STARFRUIT,SEASHELLS,5020.0,1
270600,Remy,Vladimir,STARFRUIT,SEASHELLS,5025.0,1
270900,Vladimir,Remy,AMETHYSTS,SEASHELLS,9998.0,1
270900,Amelia,Vladimir,STARFRUIT,SEASHELLS,5024.0,4
271100,Vladimir,Amelia,AMETHYSTS,SEASHELLS,9998.0,1
271100,Vladimir,Remy,AMETHYSTS,SEASHELLS,9998.0,1
271400,Rhianna,Valentina,AMETHYSTS,SEASHELLS,10002.0,5
271500,Remy,Valentina,STARFRUIT,SEASHELLS,5025.0,1
271900,Remy,Valentina,STARFRUIT,SEASHELLS,5025.0,1
272000,Remy,Valentina,STARFRUIT,SEASHELLS,5026.0,2
272000,Remy,Vinnie,AMETHYSTS,SEASHELLS,10004.0,1
272100,Valentina,Rhianna,STARFRUIT,SEASHELLS,5021.0,5
272200,Valentina,Rhianna,STARFRUIT,SEASHELLS,5021.0,4
272600,Valentina,Rhianna,STARFRUIT,SEASHELLS,5022.0,2
272900,Remy,Valentina,STARFRUIT,SEASHELLS,5027.0,1
273100,Valentina,Remy,STARFRUIT,SEASHELLS,5021.0,1
273100,Vinnie,Remy,AMETHYSTS,SEASHELLS,9996.0,1
273600,Valentina,Remy,AMETHYSTS,SEASHELLS,9995.0,1
273600,Valentina,Remy,STARFRUIT,SEASHELLS,5021.0,1
273900,Rhianna,Vladimir,AMETHYSTS,SEASHELLS,10002.0,2
273900,Rhianna,Ruby,AMETHYSTS,SEASHELLS,10002.0,1
273900,Remy,Ruby,AMETHYSTS,SEASHELLS,10002.0,1
274300,Vinnie,Remy,AMETHYSTS,SEASHELLS,9998.0,1
274400,Vladimir,Remy,AMETHYSTS,SEASHELLS,9998.0,1
274500,Vinnie,Ruby,AMETHYSTS,SEASHELLS,9996.0,2
275000,Valentina,Remy,STARFRUIT,SEASHELLS,5021.0,1
275100,Remy,Vladimir,AMETHYSTS,SEASHELLS,10002.0,1
275100,Remy,Valentina,STARFRUIT,SEASHELLS,5029.0,1
275100,Valentina,Amelia,STARFRUIT,SEASHELLS,5022.0,11
275400,Rhianna,Valentina,AMETHYSTS,SEASHELLS,10002.0,5
275500,Valentina,Rhianna,STARFRUIT,SEASHELLS,5023.0,5
275500,Valentina,Vinnie,STARFRUIT,SEASHELLS,5025.0,6
275500,Valentina,Remy,STARFRUIT,SEASHELLS,5022.0,2
275500,Vladimir,Remy,AMETHYSTS,SEASHELLS,9998.0,2
276300,Remy,Vladimir,AMETHYSTS,SEASHELLS,10002.0,1
276500,Remy,Valentina,AMETHYSTS,SEASHELLS,10002.0,1
276700,Valentina,Remy,AMETHYSTS,SEASHELLS,9995.0,2
276700,Valentina,Remy,STARFRUIT,SEASHELLS,5024.0,2
276800,Rhianna,Valentina,STARFRUIT,SEASHELLS,5029.0,4
277200,Remy,Remy,AMETHYSTS,SEASHELLS,9998.0,1
277200,Remy,Valentina,STARFRUIT,SEASHELLS,5032.0,2
277300,Remy,Vladimir,AMETHYSTS,SEASHELLS,10002.0,1
277300,Valentina,Remy,STARFRUIT,SEASHELLS,5025.0,1
277800,Ruby,Vladimir,STARFRUIT,SEASHELLS,5030.0,1
278300,Valentina,Remy,STARFRUIT,SEASHELLS,5025.0,2
278300,Vladimir,Remy,AMETHYSTS,SEASHELLS,9998.0,2
278400,Rhianna,Vladimir,STARFRUIT,SEASHELLS,5029.0,2
279100,Valentina,Remy,STARFRUIT,SEASHELLS,5024.0,1
279300,Remy,Vladimir,STARFRUIT,SEASHELLS,5029.0,1
279600,Valentina,Rhianna,AMETHYSTS,SEASHELLS,9998.0,2
279700,Valentina,Rhianna,AMETHYSTS,SEASHELLS,9998.0,2
280100,Valentina,Remy,AMETHYSTS,SEASHELLS,9995.0,2
280100,Valentina,Remy,STARFRUIT,SEASHELLS,5026.0,2
280300,Remy,Rhianna,STARFRUIT,SEASHELLS,5027.0,1
280500,Remy,Remy,AMETHYSTS,SEASHELLS,9998.0,1
280500,Remy,Valentina,STARFRUIT,SEASHELLS,5032.0,1
280700,Valentina,Remy,AMETHYSTS,SEASHELLS,9998.0,1
281500,Remy,Ruby,AMETHYSTS,SEASHELLS,10002.0,1
281500,Adam,Ruby,AMETHYSTS,SEASHELLS,10002.0,7
281900,Remy,Valentina,AMETHYSTS,SEASHELLS,10005.0,1
281900,Remy,Valentina,STARFRUIT,SEASHELLS,5032.0,1
282300,Remy,Valentina,AMETHYSTS,SEASHELLS,10002.0,1
282300,Remy,Valentina,STARFRUIT,SEASHELLS,5030.0,1
282700,Valentina,Remy,STARFRUIT,SEASHELLS,5025.0,1
282700,Valentina,Remy,AMETHYSTS,SEASHELLS,9995.0,1
283400,Valentina,Remy,STARFRUIT,SEASHELLS,5027.0,1
283700,Rhianna,Valentina,STARFRUIT,SEASHELLS,5032.0,2
284000,Vladimir,Ruby,STARFRUIT,SEASHELLS,5028.0,5
284000,Vladimir,Remy,STARFRUIT,SEASHELLS,5028.0,1
284300,Remy,Valentina,STARFRUIT,SEASHELLS,5033.0,1
284300,Valentina,Remy,AMETHYSTS,SEASHELLS,9998.0,1
284400,Valentina,Vinnie,STARFRUIT,SEASHELLS,5031.0,4
284500,Ruby,Valentina,STARFRUIT,SEASHELLS,5035.0,5
284600,Remy,Valentina,STARFRUIT,SEASHELLS,5034.0,1
284700,Valentina,Vinnie,STARFRUIT,SEASHELLS,5031.0,3
284800,Vinnie,Remy,STARFRUIT,SEASHELLS,5028.0,1
285000,Remy,Valentina,STARFRUIT,SEASHELLS,5033.0,1
285000,Ruby,Valentina,STARFRUIT,SEASHELLS,5034.0,13
285500,Valentina,Remy,STARFRUIT,SEASHELLS,5028.0,1
285800,Vladimir,Rhianna,AMETHYSTS,SEASHELLS,9998.0,3
285800,Ruby,Vinnie,AMETHYSTS,SEASHELLS,10004.0,2
285900,Valentina,Vinnie,STARFRUIT,SEASHELLS,5031.0,5
286200,Valentina,Remy,AMETHYSTS,SEASHELLS,9998.0,1
286300,Valentina,Ruby,STARFRUIT,SEASHELLS,5028.0,15
286300,Rhianna,Valentina,AMETHYSTS,SEASHELLS,10002.0,1
286400,Rhianna,Vladimir,AMETHYSTS,SEASHELLS,10002.0,2
286500,Vladimir,Remy,STARFRUIT,SEASHELLS,5030.0,1
286900,Vladimir,Remy,STARFRUIT,SEASHELLS,5031.0,1
287500,Vinnie,Ruby,STARFRUIT,SEASHELLS,5031.0,2
287500,Valentina,Ruby,STARFRUIT,SEASHELLS,5031.0,5
287700,Valentina,Remy,AMETHYSTS,SEASHELLS,9998.0,1
287900,Valentina,Remy,AMETHYSTS,SEASHELLS,9998.0,1
288100,Remy,Valentina,AMETHYSTS,SEASHELLS,10002.0,1
288100,Remy,Valentina,STARFRUIT,SEASHELLS,5037.0,1
288900,Remy,Valentina,STARFRUIT,SEASHELLS,5036.0,1
289400,Valentina,Remy,AMETHYSTS,SEASHELLS,9995.0,1
289400,Valentina,Remy,STARFRUIT,SEASHELLS,5030.0,1
289700,Valentina,Rhianna,AMETHYSTS,SEASHELLS,9998.0,1
289800,Vinnie,Rhianna,AMETHYSTS,SEASHELLS,9998.0,1
289800,Vinnie,Remy,AMETHYSTS,SEASHELLS,10000.0,2
289800,Vinnie,Remy,STARFRUIT,SEASHELLS,5032.0,2
289900,Rhianna,Valentina,STARFRUIT,SEASHELLS,5033.0,2
289900,Valentina,Remy,AMETHYSTS,SEASHELLS,9998.0,1
290300,Valentina,Rhianna,STARFRUIT,SEASHELLS,5031.0,5
290500,Valentina,Rhianna,AMETHYSTS,SEASHELLS,9998.0,2
290700,Remy,Amelia,AMETHYSTS,SEASHELLS,10002.0,1
290800,Amelia,Valentina,AMETHYSTS,SEASHELLS,10004.0,10
290800,Amelia,Vinnie,AMETHYSTS,SEASHELLS,10004.0,2
290800,Remy,Valentina,AMETHYSTS,SEASHELLS,10002.0,1
291000,Valentina,Remy,AMETHYSTS,SEASHELLS,9998.0,1
291100,Remy,Valentina,STARFRUIT,SEASHELLS,5035.0,1
291100,Amelia,Vinnie,STARFRUIT,SEASHELLS,5036.0,2
291100,Rhianna,Valentina,AMETHYSTS,SEASHELLS,10002.0,2
291100,Amelia,Valentina,STARFRUIT,SEASHELLS,5036.0,12
292100,Rhianna,Valentina,STARFRUIT,SEASHELLS,5034.0,5
292300,Remy,Ruby,STARFRUIT,SEASHELLS,5035.0,1
292800,Valentina,Rhianna,AMETHYSTS,SEASHELLS,9998.0,5
293500,Valentina,Ruby,STARFRUIT,SEASHELLS,5031.0,7
293500,Valentina,Remy,STARFRUIT,SEASHELLS,5031.0,1
293600,Vinnie,Remy,AMETHYSTS,SEASHELLS,9996.0,1
293600,Valentina,Remy,STARFRUIT,SEASHELLS,5031.0,2
293600,Valentina,Remy,AMETHYSTS,SEASHELLS,9996.0,1
294100,Remy,Valentina,AMETHYSTS,SEASHELLS,10002.0,1
294400,Rhianna,Remy,STARFRUIT,SEASHELLS,5035.0,1
294400,Remy,Vinnie,STARFRUIT,SEASHELLS,5037.0,1
294400,Rhianna,Valentina,STARFRUIT,SEASHELLS,5035.0,3
294400,Remy,Valentina,AMETHYSTS,SEASHELLS,10002.0,1
294400,Remy,Vinnie,AMETHYSTS,SEASHELLS,10004.0,1
294600,Valentina,Amelia,AMETHYSTS,SEASHELLS,9995.0,8
294700,Vinnie,Remy,STARFRUIT,SEASHELLS,5031.0,1
295300,Remy,Vinnie,AMETHYSTS,SEASHELLS,10004.0,1
295300,Remy,Valentina,STARFRUIT,SEASHELLS,5036.0,1
295400,Valentina,Amelia,STARFRUIT,SEASHELLS,5030.0,10
295400,Valentina,Vinnie,STARFRUIT,SEASHELLS,5033.0,5
295600,Remy,Valentina,STARFRUIT,SEASHELLS,5035.0,1
295800,Vinnie,Remy,AMETHYSTS,SEASHELLS,9996.0,2
295800,Valentina,Remy,STARFRUIT,SEASHELLS,5030.0,2
296000,Valentina,Remy,AMETHYSTS,SEASHELLS,9998.0,1
296100,Valentina,Remy,AMETHYSTS,SEASHELLS,9998.0,1
296100,Remy,Valentina,STARFRUIT,SEASHELLS,5035.0,1
296300,Remy,Vladimir,STARFRUIT,SEASHELLS,5035.0,1
296300,Remy,Valentina,AMETHYSTS,SEASHELLS,10005.0,1
296500,Ruby,Vinnie,AMETHYSTS,SEASHELLS,10004.0,2
296700,Ruby,Vladimir,AMETHYSTS,SEASHELLS,10002.0,5
296900,Valentina,Vinnie,STARFRUIT,SEASHELLS,5032.0,4
297200,Remy,Vinnie,AMETHYSTS,SEASHELLS,10004.0,1
297200,Remy,Valentina,STARFRUIT,SEASHELLS,5036.0,1
297200,Remy,Valentina,AMETHYSTS,SEASHELLS,10004.0,1
297200,Vladimir,Remy,STARFRUIT,SEASHELLS,5030.0,1
297200,Remy,Vinnie,STARFRUIT,SEASHELLS,5036.0,1
297800,Valentina,Remy,STARFRUIT,SEASHELLS,5031.0,1
297900,Amelia,Vinnie,STARFRUIT,SEASHELLS,5037.0,2
298800,Vladimir,Rhianna,AMETHYSTS,SEASHELLS,9998.0,1
299000,Vinnie,Remy,STARFRUIT,SEASHELLS,5032.0,1
299100,Remy,Valentina,STARFRUIT,SEASHELLS,5038.0,2
299100,Remy,Remy,AMETHYSTS,SEASHELLS,9998.0,1
299400,Remy,Valentina,STARFRUIT,SEASHELLS,5036.0,1
299500,Valentina,Ruby,STARFRUIT,SEASHELLS,5031.0,12
299500,Valentina,Remy,STARFRUIT,SEASHELLS,5031.0,1
299500,Vinnie,Remy,AMETHYSTS,SEASHELLS,9996.0,1
299600,Ruby,Vinnie,AMETHYSTS,SEASHELLS,10004.0,1
299800,Vinnie,Remy,STARFRUIT,SEASHELLS,5032.0,1
300300,Valentina,Rhianna,STARFRUIT,SEASHELLS,5033.0,3
300900,Vinnie,Remy,STARFRUIT,SEASHELLS,5033.0,1
301000,Vinnie,Amelia,AMETHYSTS,SEASHELLS,9996.0,2
301000,Vinnie,Remy,STARFRUIT,SEASHELLS,5033.0,2
301000,Valentina,Remy,AMETHYSTS,SEASHELLS,9995.0,2
301100,Rhianna,Valentina,STARFRUIT,SEASHELLS,5037.0,4
301100,Remy,Valentina,STARFRUIT,SEASHELLS,5038.0,1
301300,Ruby,Valentina,STARFRUIT,SEASHELLS,5039.0,13
301500,Vladimir,Ruby,AMETHYSTS,SEASHELLS,9998.0,3
301500,Valentina,Remy,STARFRUIT,SEASHELLS,5033.0,1
301500,Valentina,Ruby,AMETHYSTS,SEASHELLS,9998.0,5
301600,Vladimir,Remy,STARFRUIT,SEASHELLS,5033.0,1
301600,Remy,Valentina,AMETHYSTS,SEASHELLS,10002.0,1
302000,Vinnie,Remy,AMETHYSTS,SEASHELLS,9996.0,1
302000,Valentina,Remy,STARFRUIT,SEASHELLS,5032.0,1
302500,Valentina,Vinnie,STARFRUIT,SEASHELLS,5036.0,3
302800,Remy,Rhianna,STARFRUIT,SEASHELLS,5034.0,1
302800,Adam,Vladimir,AMETHYSTS,SEASHELLS,10002.0,6
303400,Rhianna,Vladimir,AMETHYSTS,SEASHELLS,10002.0,5
303500,Rhianna,Vladimir,AMETHYSTS,SEASHELLS,10002.0,2
304000,Valentina,Remy,AMETHYSTS,SEASHELLS,9998.0,1
304600,Vladimir,Remy,AMETHYSTS,SEASHELLS,9998.0,1
304600,Remy,Valentina,STARFRUIT,SEASHELLS,5040.0,1
305700,Remy,Vladimir,AMETHYSTS,SEASHELLS,10002.0,1
305800,Valentina,Remy,STARFRUIT,SEASHELLS,5034.0,2
305800,Valentina,Remy,AMETHYSTS,SEASHELLS,9995.0,2
306000,Adam,Valentina,STARFRUIT,SEASHELLS,5039.0,7
306200,Vinnie,Remy,STARFRUIT,SEASHELLS,5036.0,1
306400,Remy,Valentina,AMETHYSTS,SEASHELLS,10004.0,1
306400,Ruby,Valentina,STARFRUIT,SEASHELLS,5043.0,9
306400,Remy,Valentina,STARFRUIT,SEASHELLS,5043.0,2
306400,Remy,Vinnie,AMETHYSTS,SEASHELLS,10004.0,1
306600,Remy,Vladimir,STARFRUIT,SEASHELLS,5041.0,1
307000,Remy,Vinnie,AMETHYSTS,SEASHELLS,10004.0,1
307000,Remy,Valentina,STARFRUIT,SEASHELLS,5041.0,1
307000,Remy,Valentina,STARFRUIT,SEASHELLS,5043.0,1
307600,Rhianna,Vladimir,AMETHYSTS,SEASHELLS,10002.0,3
307700,Valentina,Remy,STARFRUIT,SEASHELLS,5036.0,1
307700,Ruby,Vladimir,AMETHYSTS,SEASHELLS,10002.0,4
308000,Valentina,Ruby,AMETHYSTS,SEASHELLS,9995.0,3
308900,Remy,Valentina,STARFRUIT,SEASHELLS,5042.0,1
309000,Rhianna,Vladimir,STARFRUIT,SEASHELLS,5041.0,2
309000,Rhianna,Remy,STARFRUIT,SEASHELLS,5041.0,1
309300,Vladimir,Remy,AMETHYSTS,SEASHELLS,9998.0,1
309400,Valentina,Remy,AMETHYSTS,SEASHELLS,9998.0,1
309600,Valentina,Remy,AMETHYSTS,SEASHELLS,9996.0,1
309600,Valentina,Remy,STARFRUIT,SEASHELLS,5036.0,2
309600,Vinnie,Remy,AMETHYSTS,SEASHELLS,9996.0,1
309600,Valentina,Rhianna,STARFRUIT,SEASHELLS,5037.0,4
309700,Amelia,Valentina,AMETHYSTS,SEASHELLS,10004.0,9
309700,Amelia,Vinnie,AMETHYSTS,SEASHELLS,10004.0,1
309900,Valentina,Ruby,STARFRUIT,SEASHELLS,5036.0,9
309900,Valentina,Amelia,STARFRUIT,SEASHELLS,5036.0,11
310500,Adam,Valentina,STARFRUIT,SEASHELLS,5041.0,8
310700,Valentina,Vinnie,STARFRUIT,SEASHELLS,5038.0,5
311100,Valentina,Rhianna,STARFRUIT,SEASHELLS,5037.0,5
311200,Valentina,Rhianna,STARFRUIT,SEASHELLS,5036.0,3
311300,Valentina,Remy,STARFRUIT,SEASHELLS,5035.0,1
311400,Remy,Valentina,STARFRUIT,SEASHELLS,5041.0,1
311400,Vladimir,Remy,AMETHYSTS,SEASHELLS,9998.0,1
311500,Remy,Valentina,STARFRUIT,SEASHELLS,5042.0,1
311600,Remy,Valentina,STARFRUIT,SEASHELLS,5042.0,1
312500,Valentina,Remy,AMETHYSTS,SEASHELLS,9998.0,1
312600,Valentina,Amelia,STARFRUIT,SEASHELLS,5035.0,9
312700,Valentina,Rhianna,STARFRUIT,SEASHELLS,5037.0,3
312700,Remy,Rhianna,STARFRUIT,SEASHELLS,5037.0,1
312800,Rhianna,Remy,STARFRUIT,SEASHELLS,5040.0,1
312800,Rhianna,Valentina,STARFRUIT,SEASHELLS,5040.0,3
312900,Valentina,Remy,AMETHYSTS,SEASHELLS,9996.0,1
312900,Vinnie,Remy,AMETHYSTS,SEASHELLS,9996.0,1
312900,Valentina,Remy,STARFRUIT,SEASHELLS,5036.0,2
313000,Remy,Valentina,STARFRUIT,SEASHELLS,5041.0,1
313100,Vladimir,Remy,AMETHYSTS,SEASHELLS,9998.0,1
313400,Vinnie,Ruby,AMETHYSTS,SEASHELLS,9996.0,2
313700,Remy,Valentina,STARFRUIT,SEASHELLS,5042.0,1
313800,Valentina,Ruby,AMETHYSTS,SEASHELLS,9996.0,3
313800,Vinnie,Ruby,AMETHYSTS,SEASHELLS,9996.0,1
314200,Adam,Valentina,STARFRUIT,SEASHELLS,5040.0,9
314500,Ruby,Vladimir,STARFRUIT,SEASHELLS,5041.0,6
314500,Ruby,Valentina,STARFRUIT,SEASHELLS,5041.0,4
314500,Ruby,Vladimir,AMETHYSTS,SEASHELLS,10002.0,3
314600,Valentina,Ruby,AMETHYSTS,SEASHELLS,9996.0,5
314600,Vinnie,Ruby,AMETHYSTS,SEASHELLS,9996.0,2
314700,Remy,Valentina,STARFRUIT,SEASHELLS,5041.0,1
314800,Remy,Valentina,AMETHYSTS,SEASHELLS,10002.0,1
314800,Remy,Vladimir,STARFRUIT,SEASHELLS,5041.0,1
315000,Vinnie,Remy,AMETHYSTS,SEASHELLS,9996.0,2
315000,Valentina,Remy,STARFRUIT,SEASHELLS,5035.0,2
315100,Valentina,Remy,STARFRUIT,SEASHELLS,5035.0,1
315100,Vladimir,Remy,AMETHYSTS,SEASHELLS,9998.0,1
315300,Amelia,Valentina,STARFRUIT,SEASHELLS,5043.0,10
315500,Vinnie,Remy,STARFRUIT,SEASHELLS,5036.0,1
315600,Valentina,Remy,AMETHYSTS,SEASHELLS,9998.0,1
316300,Remy,Remy,AMETHYSTS,SEASHELLS,10002.0,1
316300,Valentina,Remy,STARFRUIT,SEASHELLS,5035.0,2
316500,Vladimir,Rhianna,AMETHYSTS,SEASHELLS,9998.0,1
316900,Remy,Valentina,STARFRUIT,SEASHELLS,5044.0,1
316900,Remy,Vinnie,AMETHYSTS,SEASHELLS,10004.0,1
317000,Remy,Vladimir,STARFRUIT,SEASHELLS,5043.0,1
317100,Remy,Vladimir,STARFRUIT,SEASHELLS,5043.0,1
317200,Remy,Valentina,STARFRUIT,SEASHELLS,5043.0,1
317600,Valentina,Remy,STARFRUIT,SEASHELLS,5038.0,1
317700,Ruby,Valentina,AMETHYSTS,SEASHELLS,10004.0,5
317700,Remy,Valentina,AMETHYSTS,SEASHELLS,10002.0,1
317700,Ruby,Vinnie,AMETHYSTS,SEASHELLS,10004.0,1
317900,Valentina,Amelia,STARFRUIT,SEASHELLS,5038.0,13
318000,Valentina,Amelia,AMETHYSTS,SEASHELLS,9996.0,8
318000,Vinnie,Amelia,AMETHYSTS,SEASHELLS,9996.0,1
318200,Remy,Valentina,STARFRUIT,SEASHELLS,5043.0,1
318300,Valentina,Remy,STARFRUIT,SEASHELLS,5038.0,1
318500,Valentina,Remy,STARFRUIT,SEASHELLS,5037.0,2
318500,Valentina,Remy,AMETHYSTS,SEASHELLS,9995.0,2
318600,Ruby,Valentina,AMETHYSTS,SEASHELLS,10005.0,8
318800,Vinnie,Remy,STARFRUIT,SEASHELLS,5039.0,2
318800,Vinnie,Remy,AMETHYSTS,SEASHELLS,9996.0,2
319000,Remy,Vinnie,AMETHYSTS,SEASHELLS,10004.0,1
319000,Remy,Valentina,STARFRUIT,SEASHELLS,5045.0,1
319200,Valentina,Remy,STARFRUIT,SEASHELLS,5038.0,2
319200,Vladimir,Remy,AMETHYSTS,SEASHELLS,9998.0,2
319500,Vinnie,Ruby,STARFRUIT,SEASHELLS,5039.0,1
319500,Valentina,Ruby,STARFRUIT,SEASHELLS,5039.0,6
319800,Ruby,Valentina,STARFRUIT,SEASHELLS,5046.0,6
320100,Vladimir,Remy,STARFRUIT,SEASHELLS,5040.0,1
320200,Vladimir,Remy,AMETHYSTS,SEASHELLS,9998.0,1
320300,Valentina,Remy,AMETHYSTS,SEASHELLS,9998.0,1
320700,Valentina,Remy,STARFRUIT,SEASHELLS,5042.0,1
320800,Rhianna,Vladimir,STARFRUIT,SEASHELLS,5046.0,2
320800,Rhianna,Valentina,STARFRUIT,SEASHELLS,5046.0,3
321800,Remy,Valentina,AMETHYSTS,SEASHELLS,10002.0,1
322100,Valentina,Rhianna,AMETHYSTS,SEASHELLS,9998.0,1
322900,Valentina,Rhianna,STARFRUIT,SEASHELLS,5039.0,2
323000,Rhianna,Vladimir,STARFRUIT,SEASHELLS,5042.0,1
323100,Vinnie,Remy,STARFRUIT,SEASHELLS,5037.0,1
323300,Remy,Valentina,STARFRUIT,SEASHELLS,5044.0,2
323300,Remy,Valentina,AMETHYSTS,SEASHELLS,10005.0,2
323300,Vladimir,Rhianna,AMETHYSTS,SEASHELLS,9998.0,1
323600,Remy,Valentina,STARFRUIT,SEASHELLS,5043.0,1
324500,Rhianna,Valentina,AMETHYSTS,SEASHELLS,10002.0,2
324600,Valentina,Remy,AMETHYSTS,SEASHELLS,9998.0,1
325000,Remy,Valentina,STARFRUIT,SEASHELLS,5045.0,1
325000,Valentina,Remy,AMETHYSTS,SEASHELLS,9998.0,1
325100,Vladimir,Remy,STARFRUIT,SEASHELLS,5039.0,1
325200,Remy,Vladimir,STARFRUIT,SEASHELLS,5044.0,1
325500,Remy,Rhianna,STARFRUIT,SEASHELLS,5040.0,1
325500,Valentina,Rhianna,STARFRUIT,SEASHELLS,5040.0,3
325500,Remy,Vinnie,AMETHYSTS,SEASHELLS,10004.0,1
325700,Valentina,Remy,AMETHYSTS,SEASHELLS,9998.0,1
325900,Amelia,Vladimir,STARFRUIT,SEASHELLS,5044.0,8
326000,Adam,Vladimir,STARFRUIT,SEASHELLS,5043.0,1
326000,Adam,Valentina,STARFRUIT,SEASHELLS,5043.0,7
326200,Remy,Valentina,AMETHYSTS,SEASHELLS,10002.0,1
326400,Remy,Valentina,AMETHYSTS,SEASHELLS,10005.0,2
326400,Remy,Valentina,STARFRUIT,SEASHELLS,5046.0,2
326600,Vinnie,Ruby,AMETHYSTS,SEASHELLS,9996.0,2
326600,Valentina,Ruby,AMETHYSTS,SEASHELLS,9996.0,6
326700,Vinnie,Remy,AMETHYSTS,SEASHELLS,9996.0,2
326700,Valentina,Remy,STARFRUIT,SEASHELLS,5040.0,2
326800,Rhianna,Valentina,STARFRUIT,SEASHELLS,5044.0,3
327000,Rhianna,Vinnie,STARFRUIT,SEASHELLS,5043.0,4
327100,Ruby,Vladimir,AMETHYSTS,SEASHELLS,10002.0,4
327200,Rhianna,Vladimir,STARFRUIT,SEASHELLS,5043.0,3
327400,Rhianna,Valentina,AMETHYSTS,SEASHELLS,10002.0,5
327500,Remy,Vladimir,STARFRUIT,SEASHELLS,5044.0,1
327600,Remy,Valentina,AMETHYSTS,SEASHELLS,10002.0,1
327700,Adam,Vladimir,STARFRUIT,SEASHELLS,5044.0,7
327800,Remy,Valentina,AMETHYSTS,SEASHELLS,10002.0,1
328200,Vladimir,Remy,AMETHYSTS,SEASHELLS,9998.0,1
328400,Remy,Vladimir,AMETHYSTS,SEASHELLS,10002.0,1
329400,Rhianna,Valentina,AMETHYSTS,SEASHELLS,10002.0,2
329500,Remy,Valentina,STARFRUIT,SEASHELLS,5047.0,1
329500,Remy,Vladimir,AMETHYSTS,SEASHELLS,10002.0,1
329800,Remy,Amelia,AMETHYSTS,SEASHELLS,10002.0,1
329900,Valentina,Remy,STARFRUIT,SEASHELLS,5039.0,1
330000,Valentina,Amelia,STARFRUIT,SEASHELLS,5039.0,9
330300,Vladimir,Remy,STARFRUIT,SEASHELLS,5040.0,1
330700,Valentina,Remy,STARFRUIT,SEASHELLS,5041.0,1
331300,Vladimir,Remy,STARFRUIT,SEASHELLS,5041.0,1
331300,Vinnie,Remy,AMETHYSTS,SEASHELLS,9996.0,1
332100,Vinnie,Rhianna,AMETHYSTS,SEASHELLS,9998.0,3
332100,Valentina,Rhianna,AMETHYSTS,SEASHELLS,9998.0,1
332500,Valentina,Vinnie,STARFRUIT,SEASHELLS,5044.0,4
332600,Vinnie,Remy,STARFRUIT,SEASHELLS,5042.0,1
333200,Valentina,Remy,STARFRUIT,SEASHELLS,5041.0,1
333200,Rhianna,Valentina,AMETHYSTS,SEASHELLS,10002.0,2
333400,Remy,Valentina,STARFRUIT,SEASHELLS,5046.0,1
333600,Remy,Valentina,AMETHYSTS,SEASHELLS,10002.0,1
333600,Remy,Valentina,STARFRUIT,SEASHELLS,5046.0,1
333700,Vladimir,Remy,STARFRUIT,SEASHELLS,5041.0,1
334300,Vladimir,Remy,STARFRUIT,SEASHELLS,5041.0,1
334300,Valentina,Remy,AMETHYSTS,SEASHELLS,9995.0,2
334300,Valentina,Remy,STARFRUIT,SEASHELLS,5041.0,1
334400,Ruby,Valentina,STARFRUIT,SEASHELLS,5047.0,4
334800,Vinnie,Ruby,AMETHYSTS,SEASHELLS,9996.0,1
334800,Valentina,Ruby,AMETHYSTS,SEASHELLS,9996.0,5
335400,Valentina,Remy,AMETHYSTS,SEASHELLS,9998.0,1
335700,Remy,Valentina,STARFRUIT,SEASHELLS,5046.0,1
336500,Vladimir,Remy,AMETHYSTS,SEASHELLS,9998.0,2
336500,Vladimir,Remy,STARFRUIT,SEASHELLS,5041.0,2
336700,Valentina,Adam,AMETHYSTS,SEASHELLS,9998.0,6
336800,Valentina,Remy,STARFRUIT,SEASHELLS,5041.0,1
337100,Remy,Vladimir,STARFRUIT,SEASHELLS,5045.0,2
337100,Remy,Valentina,AMETHYSTS,SEASHELLS,10005.0,2
337100,Remy,Vladimir,STARFRUIT,SEASHELLS,5046.0,1
337700,Remy,Valentina,AMETHYSTS,SEASHELLS,10002.0,1
337900,Remy,Valentina,AMETHYSTS,SEASHELLS,10002.0,1
338400,Remy,Amelia,AMETHYSTS,SEASHELLS,10002.0,1
338500,Valentina,Remy,STARFRUIT,SEASHELLS,5042.0,1
338500,Valentina,Adam,STARFRUIT,SEASHELLS,5043.0,10
339300,Remy,Vladimir,STARFRUIT,SEASHELLS,5047.0,1
339800,Remy,Vinnie,AMETHYSTS,SEASHELLS,10004.0,1
339800,Remy,Valentina,STARFRUIT,SEASHELLS,5049.0,1
339900,Valentina,Vinnie,STARFRUIT,SEASHELLS,5045.0,6
341100,Vinnie,Remy,STARFRUIT,SEASHELLS,5045.0,1
341100,Remy,Vladimir,AMETHYSTS,SEASHELLS,10002.0,1
341200,Valentina,Amelia,AMETHYSTS,SEASHELLS,9995.0,11
341300,Remy,Vladimir,AMETHYSTS,SEASHELLS,10002.0,1
341300,Valentina,Ruby,STARFRUIT,SEASHELLS,5044.0,14
341500,Ruby,Valentina,STARFRUIT,SEASHELLS,5051.0,6
341500,Valentina,Remy,AMETHYSTS,SEASHELLS,9998.0,1
341700,Remy,Remy,STARFRUIT,SEASHELLS,5048.0,1
341700,Vinnie,Remy,AMETHYSTS,SEASHELLS,9996.0,1
341800,Valentina,Rhianna,AMETHYSTS,SEASHELLS,9998.0,5
341800,Valentina,Remy,AMETHYSTS,SEASHELLS,9998.0,1
342600,Valentina,Ruby,AMETHYSTS,SEASHELLS,9995.0,3
342800,Valentina,Remy,STARFRUIT,SEASHELLS,5045.0,1
342800,Rhianna,Remy,AMETHYSTS,SEASHELLS,10002.0,1
342900,Vladimir,Remy,AMETHYSTS,SEASHELLS,9998.0,1
343100,Valentina,Remy,STARFRUIT,SEASHELLS,5046.0,1
343500,Remy,Vladimir,STARFRUIT,SEASHELLS,5051.0,1
343500,Valentina,Remy,AMETHYSTS,SEASHELLS,9998.0,1
343900,Remy,Valentina,STARFRUIT,SEASHELLS,5052.0,1
344300,Remy,Valentina,STARFRUIT,SEASHELLS,5054.0,2
344300,Remy,Vladimir,AMETHYSTS,SEASHELLS,10002.0,2
344400,Adam,Remy,STARFRUIT,SEASHELLS,5052.0,1
344400,Adam,Valentina,STARFRUIT,SEASHELLS,5052.0,8
344400,Valentina,Remy,AMETHYSTS,SEASHELLS,9995.0,1
344600,Ruby,Vladimir,AMETHYSTS,SEASHELLS,10002.0,4
344900,Remy,Valentina,STARFRUIT,SEASHELLS,5054.0,1
344900,Remy,Vinnie,AMETHYSTS,SEASHELLS,10004.0,1
344900,Valentina,Remy,STARFRUIT,SEASHELLS,5047.0,1
345000,Remy,Valentina,AMETHYSTS,SEASHELLS,10002.0,1
345200,Vinnie,Remy,STARFRUIT,SEASHELLS,5047.0,1
345400,Valentina,Remy,AMETHYSTS,SEASHELLS,9998.0,1
345700,Valentina,Remy,AMETHYSTS,SEASHELLS,9998.0,1
345700,Valentina,Adam,STARFRUIT,SEASHELLS,5048.0,7
345800,Valentina,Vinnie,STARFRUIT,SEASHELLS,5050.0,3
346200,Remy,Vladimir,AMETHYSTS,SEASHELLS,10002.0,1
346600,Remy,Vinnie,STARFRUIT,SEASHELLS,5053.0,1
346600,Remy,Ruby,AMETHYSTS,SEASHELLS,9998.0,2
346600,Vladimir,Ruby,AMETHYSTS,SEASHELLS,9998.0,4
346800,Remy,Valentina,AMETHYSTS,SEASHELLS,10002.0,1
346900,Valentina,Remy,STARFRUIT,SEASHELLS,5048.0,1
347100,Remy,Vladimir,AMETHYSTS,SEASHELLS,10002.0,2
347100,Remy,Valentina,STARFRUIT,SEASHELLS,5053.0,2
347400,Vladimir,Adam,AMETHYSTS,SEASHELLS,9998.0,5
347400,Ruby,Adam,AMETHYSTS,SEASHELLS,9998.0,1
347400,Rhianna,Adam,AMETHYSTS,SEASHELLS,10002.0,1
347800,Remy,Valentina,STARFRUIT,SEASHELLS,5054.0,1
348000,Remy,Valentina,AMETHYSTS,SEASHELLS,10002.0,1
348500,Vinnie,Remy,AMETHYSTS,SEASHELLS,9996.0,1
348500,Valentina,Remy,STARFRUIT,SEASHELLS,5048.0,2
349100,Valentina,Rhianna,STARFRUIT,SEASHELLS,5051.0,5
349200,Valentina,Rhianna,AMETHYSTS,SEASHELLS,9998.0,1
349500,Remy,Valentina,STARFRUIT,SEASHELLS,5054.0,1
349700,Valentina,Rhianna,STARFRUIT,SEASHELLS,5049.0,3
349900,Amelia,Vinnie,AMETHYSTS,SEASHELLS,10004.0,2
349900,Amelia,Valentina,AMETHYSTS,SEASHELLS,10004.0,6
349900,Remy,Valentina,STARFRUIT,SEASHELLS,5053.0,1
350200,Remy,Vladimir,AMETHYSTS,SEASHELLS,10002.0,1
350300,Ruby,Valentina,AMETHYSTS,SEASHELLS,10005.0,8
350600,Valentina,Remy,AMETHYSTS,SEASHELLS,9996.0,1
350600,Vladimir,Remy,STARFRUIT,SEASHELLS,5045.0,2
350600,Vinnie,Remy,AMETHYSTS,SEASHELLS,9996.0,1
350700,Valentina,Remy,AMETHYSTS,SEASHELLS,9995.0,1
350700,Vladimir,Remy,STARFRUIT,SEASHELLS,5044.0,1
350800,Valentina,Remy,STARFRUIT,SEASHELLS,5044.0,1
350800,Valentina,Ruby,STARFRUIT,SEASHELLS,5044.0,6
350900,Valentina,Amelia,STARFRUIT,SEASHELLS,5043.0,11
350900,Vladimir,Rhianna,AMETHYSTS,SEASHELLS,9998.0,2
351100,Remy,Valentina,AMETHYSTS,SEASHELLS,10002.0,1
351300,Remy,Vladimir,AMETHYSTS,SEASHELLS,10002.0,1
351400,Valentina,Remy,AMETHYSTS,SEASHELLS,9995.0,2
351400,Valentina,Remy,STARFRUIT,SEASHELLS,5042.0,2
351600,Adam,Valentina,AMETHYSTS,SEASHELLS,10002.0,3
351600,Remy,Rhianna,AMETHYSTS,SEASHELLS,9998.0,1
351600,Adam,Rhianna,AMETHYSTS,SEASHELLS,9998.0,3
351700,Valentina,Remy,STARFRUIT,SEASHELLS,5042.0,1
352000,Remy,Vladimir,AMETHYSTS,SEASHELLS,10002.0,1
352000,Remy,Valentina,STARFRUIT,SEASHELLS,5048.0,1
352100,Remy,Vladimir,STARFRUIT,SEASHELLS,5047.0,1
352200,Vinnie,Adam,STARFRUIT,SEASHELLS,5042.0,1
352200,Vladimir,Adam,STARFRUIT,SEASHELLS,5042.0,4
352300,Valentina,Remy,STARFRUIT,SEASHELLS,5042.0,1
352900,Remy,Vladimir,STARFRUIT,SEASHELLS,5047.0,1
353400,Remy,Valentina,STARFRUIT,SEASHELLS,5046.0,1
353400,Rhianna,Valentina,AMETHYSTS,SEASHELLS,10002.0,1
353600,Valentina,Vinnie,STARFRUIT,SEASHELLS,5043.0,2
353800,Remy,Vladimir,STARFRUIT,SEASHELLS,5046.0,1
353900,Valentina,Remy,AMETHYSTS,SEASHELLS,9995.0,1
353900,Valentina,Remy,STARFRUIT,SEASHELLS,5040.0,1
354900,Valentina,Rhianna,AMETHYSTS,SEASHELLS,9998.0,1
355100,Remy,Vladimir,STARFRUIT,SEASHELLS,5046.0,1
355200,Rhianna,Remy,AMETHYSTS,SEASHELLS,10002.0,1
355200,Rhianna,Valentina,AMETHYSTS,SEASHELLS,10002.0,2
355300,Vinnie,Remy,STARFRUIT,SEASHELLS,5041.0,1
355400,Vinnie,Remy,STARFRUIT,SEASHELLS,5041.0,1
355400,Ruby,Vinnie,AMETHYSTS,SEASHELLS,10004.0,1
355500,Valentina,Remy,STARFRUIT,SEASHELLS,5041.0,1
355700,Rhianna,Valentina,STARFRUIT,SEASHELLS,5046.0,4
356000,Rhianna,Vladimir,AMETHYSTS,SEASHELLS,10002.0,1
356500,Valentina,Remy,STARFRUIT,SEASHELLS,5042.0,1
356700,Valentina,Remy,STARFRUIT,SEASHELLS,5043.0,1
356800,Ruby,Valentina,AMETHYSTS,SEASHELLS,10005.0,7
357000,Valentina,Amelia,STARFRUIT,SEASHELLS,5043.0,15
357200,Remy,Valentina,STARFRUIT,SEASHELLS,5050.0,1
357200,Remy,Valentina,AMETHYSTS,SEASHELLS,10004.0,1
357200,Remy,Vinnie,AMETHYSTS,SEASHELLS,10004.0,1
357200,Valentina,Remy,STARFRUIT,SEASHELLS,5044.0,1
357200,Remy,Vinnie,STARFRUIT,SEASHELLS,5050.0,1
357400,Remy,Valentina,STARFRUIT,SEASHELLS,5050.0,2
357400,Remy,Vinnie,AMETHYSTS,SEASHELLS,10004.0,2
357500,Remy,Vladimir,AMETHYSTS,SEASHELLS,10002.0,1
357500,Remy,Vladimir,STARFRUIT,SEASHELLS,5048.0,1
357700,Valentina,Remy,STARFRUIT,SEASHELLS,5043.0,1
357900,Vladimir,Rhianna,STARFRUIT,SEASHELLS,5044.0,2
358000,Vladimir,Remy,AMETHYSTS,SEASHELLS,9998.0,1
358400,Remy,Valentina,STARFRUIT,SEASHELLS,5048.0,1
358700,Vladimir,Remy,STARFRUIT,SEASHELLS,5044.0,1
359000,Valentina,Remy,AMETHYSTS,SEASHELLS,9998.0,1
359100,Remy,Valentina,STARFRUIT,SEASHELLS,5051.0,1
359100,Remy,Vladimir,AMETHYSTS,SEASHELLS,10002.0,1
359200,Remy,Valentina,STARFRUIT,SEASHELLS,5050.0,1
359700,Vinnie,Amelia,STARFRUIT,SEASHELLS,5047.0,4
359800,Valentina,Remy,STARFRUIT,SEASHELLS,5044.0,1
360300,Valentina,Remy,STARFRUIT,SEASHELLS,5044.0,1
360300,Vinnie,Remy,AMETHYSTS,SEASHELLS,9996.0,1
360400,Remy,Valentina,AMETHYSTS,SEASHELLS,10005.0,2
360400,Remy,Valentina,STARFRUIT,SEASHELLS,5051.0,2
360900,Remy,Remy,AMETHYSTS,SEASHELLS,10002.0,1
360900,Valentina,Remy,STARFRUIT,SEASHELLS,5045.0,2
361400,Remy,Valentina,STARFRUIT,SEASHELLS,5050.0,1
361400,Remy,Valentina,AMETHYSTS,SEASHELLS,10002.0,1
361500,Rhianna,Valentina,AMETHYSTS,SEASHELLS,10002.0,3
361600,Vladimir,Rhianna,AMETHYSTS,SEASHELLS,9998.0,1
